3225 5171
1111 474 1566 518 PROLEGOMENA
2305 476 2437 519 XVII

252 595 441 655 Ienae
477 614 528 653 a.
569 594 734 652 1874
770 592 1061 653 editorum
1097 596 1288 673 capite
1321 596 1530 672 primo,
1579 592 1827 654 Carolus
1860 592 2085 654 Paulus
2123 592 2438 654 Schulzius

250 683 320 739 in
357 678 552 738 annal.
591 678 859 738 scholast.
897 679 1261 739 Berolinens.
1296 686 1338 736 t.
1374 679 1679 752 XXVIII,
1724 699 1779 757 p.
1820 680 1941 738 699
1974 698 2064 752 ss.,
2113 681 2216 758 qui
2258 680 2433 740 ambo

256 766 447 824 Riesii
480 765 739 823 maxime
766 767 1337 840 argumentationem
1369 784 1511 824 sane
1546 764 1909 823 levissimam
1935 767 2433 842 inpugnaverunt,

253 849 566 909 Robinson
584 848 830 907 Ellisius
850 851 913 907 in
931 849 1362 928 prolegomenis
1382 850 1786 908 commentarii
1806 848 2131 909 Catulliani
2148 870 2205 927 p.
2217 849 2328 911 LV
2340 870 2432 924 sa,

255 935 472 993 Munro
508 936 573 992 in
604 934 756 994 libro
795 934 1126 993 ‘criticisms
1162 933 1282 993 and
1308 933 1722 993 elucidations'
1747 955 1806 1014 p.
1827 936 1949 993 194
1969 955 2041 993 ss.
2072 933 2227 994 conf.
2258 938 2435 994 etiam

255 1019 337 1078 H.
375 1020 634 1096 Magnus
671 1019 867 1078 annal.
914 1019 1116 1098 philol.
1151 1027 1191 1077 t.
1232 1019 1464 1092 CXIII,
1509 1040 1568 1098 p.
1603 1020 1728 1077 402
1756 1039 1829 1079 ss.
1874 1027 1935 1079 et
1965 1019 2067 1079 Fr.
2105 1019 2435 1079 Schoellius

255 1103 399 1163 ibid.
446 1111 487 1162 t.
527 1103 755 1177 CXXI,
797 1125 855 1183 p.
893 1107 1035 1164 482.
1108 1107 1229 1163 iam
1273 1107 1434 1163 omni
1477 1106 1792 1181 nugatorio
1836 1103 2179 1184 disputandi
2220 1124 2437 1181 genere

254 1189 463 1268 procul
488 1188 690 1248 habito
721 1208 791 1249 ea
817 1198 1164 1266 argumenta
1192 1209 1591 1268 conponamus
1621 1208 1774 1268 quae
1803 1188 1882 1248 ad
1910 1189 2254 1249 solvendam
2278 1191 2440 1250 hanc.

253 1276 663 1353 quaestionem
713 1276 777 1333 in
827 1277 1031 1353 primis
1084 1282 1224 1353 apta
1275 1294 1402 1334 esse
1453 1293 1779 1335 censemus,
1847 1273 2106 1334 vidimus
2152 1275 2436 1335 Lesbiam

257 1358 483 1418 Catulli
516 1359 824 1418 mulierem
858 1368 1103 1439 nuptam
1141 1367 1319 1439 atque
1351 1359 1615 1435 nobilem
1658 1358 1857 1431 fuisse,
1905 1358 2273 1439 eandemque
2304 1361 2439 1440 pul-

258 1444 462 1503 chram
515 1452 573 1503 et
622 1444 899 1518 facetam,
965 1445 1071 1504 sed
1121 1465 1274 1524 quae
1327 1445 1609 1504 effrenata
1659 1444 1913 1503 libidine
1968 1464 2250 1524 praeceps
2303 1455 2437 1506 acta

255 1528 567 1608 paullatim
610 1527 688 1587 ad
730 1532 919 1588 scorti·
948 1529 1214 1607 vulgaris
1257 1531 1675 1606 indignitatem
1710 1528 2097 1590 delaberetur.
2168 1532 2266 1589 cui
2301 1551 2435 1589 cum

255 1633 463 1673 verum
497 1632 715 1673 nomen
756 1621 906 1674 teste
939 1613 1196 1694 Apuleio
1239 1614 1419 1674 fuerit
1453 1613 1725 1687 Clodiae,
1773 1616 1826 1673 si
1869 1614 2133 1675 eiusdem
2177 1619 2436 1675 nominis

255 1699 564 1759 mulierem
596 1706 808 1778 poetae
841 1701 1148 1778 aequalem
1182 1702 1456 1759 novimus
1491 1702 1555 1758 in
1590 1719 1771 1778 quam
1803 1702 1920 1759 ista
1953 1703 2155 1759 omnia
2196 1721 2434 1760 accura-

254 1786 482 1844 tissime
524 1783 832 1864 quadrent,
884 1785 1041 1859 hinc,
1094 1787 1212 1844 nisi
1255 1785 1376 1844 alia
1427 1793 1778 1861 argumenta
1820 1785 2071 1859 obstant,
2123 1793 2435 1866 utramque

256 1890 438 1928 unam
484 1868 851 1949 eandemque
903 1889 1031 1930 esse
1073 1872 1201 1930 iure
1253 1878 1450 1929 nostro
1504 1888 1734 1929 sumere
1785 1890 2113 1949 possumus.
2187 1870 2434 1932 Clodiae

257 1963 457 2013 autem
492 1953 945 2033 quadrantariae
989 1957 1301 2032 originem,
1350 1955 1756 2014 condicionem
1771 2000 1786 2029 ,
1831 1956 2105 2028 formam,
2152 1955 2431 2029 indolem,

256 2058 450 2099 mores
492 2039 669 2118 plane
711 2039 1065 2118 respondere
1110 2043 1192 2100 eis
1237 2060 1390 2119 quae
1435 2039 1509 2100 de
1542 2040 1764 2100 Lesbia
1806 2059 1882 2100 ex
1926 2041 2284 2100 carminibus
2321 2039 2437 2101 Ca-

255 2125 524 2183 tullianis
579 2126 838 2184 eruimus
890 2127 1025 2204 quis
1077 2134 1167 2184 est
1216 2129 1319 2204 qui
1379 2126 1602 2184 infitias
1665 2123 1800 2184 eat?
1862 2127 2076 2185 scimus
2137 2125 2304 2184 illam
2356 2146 2435 2186 ex

257 2211 667 2289 antiquissima
717 2218 778 2269 et
833 2210 1202 2269 nobilissima
1262 2217 1440 2286 gente
1494 2209 1876 2269 Claudiorum
1935 2212 2186 2290 patricia
2246 2218 2433 2270 ortam

259 2292 332 2368 Q.
362 2294 622 2354 Caecilio
657 2294 901 2354 Metello
930 2294 1137 2367 Celeri,
1174 2297 1429 2373 praetori
1462 2316 1514 2353 a.
1548 2292 1794 2373 691163,
1833 2295 2063 2354 consuli
2098 2316 2154 2358 a.
2183 2291 2431 2373 694160,

255 2382 590 2458 propinquo
627 2398 751 2452 su0,
797 2387 1045 2457 nuptam
1079 2379 1276 2439 fuisse.
1347 2379 1504 2459 quod
1546 2383 1986 2440 matrimonium
2029 2401 2241 2460 parum
2283 2381 2436 2442 felix

253 2464 442 2524 fuisse
479 2464 685 2524 Cicero
723 2471 926 2523 auctor
968 2472 1080 2537 est,
1127 2466 1230 2544 qui
1274 2483 1342 2524 eo
1385 2468 1513 2544 ipso
1561 2487 1717 2525 anno
1753 2485 1872 2546 quo
1907 2465 2181 2527 Metellus
2226 2467 2433 2527 consul

257 2558 383 2610 erat
426 2548 504 2608 ad
546 2548 814 2608 Atticum
857 2549 924 2608 II
972 2552 1005 2608 1
1053 2551 1088 2608 5
1137 2549 1409 2610 Clodiam
1455 2549 1796 2611 seditiosam
1837 2569 1967 2611 esse
2009 2559 2069 2612 et
2118 2571 2252 2612 cum
2303 2554 2434 2613 viro

254 2634 478 2695 bellum
515 2654 720 2712 gerere
756 2635 972 2694 scribit.
1044 2635 1366 2716 eademque
1409 2638 1475 2695 in
1519 2637 1775 2715 epistula
1809 2657 1989 2716 quam
2031 2638 2434 2698 inverecunde

256 2740 393 2779 cum
424 2721 495 2779 P.
533 2718 743 2779 Clodio
781 2719 854 2779 de
890 2740 960 2779 ea
1003 2722 1228 2781 iocatus
1273 2724 1351 2781 sit
1392 2730 1609 2780 narrat.
1680 2742 1820 2781 nam
1863 2742 1999 2781 cum
2041 2721 2146 2782 ille
2190 2731 2431 2801 questus

253 2813 410 2864 esset
444 2804 604 2884 quod
637 2823 815 2878 soror,
861 2825 1014 2884 quae
1048 2814 1278 2865 tantum
1314 2805 1557 2867 haberet
1600 2808 1667 2865 in
1711 2806 2060 2885 spectaculis
2104 2808 2430 2867 consularis

253 2889 387 2963 loci,
440 2909 625 2948 unum
668 2891 782 2949 sibi
826 2889 1016 2950 solum
1056 2891 1267 2970 pedem
1323 2891 1509 2964 daret,
1563 2891 1715 2949 ‘noli
1726 2891 1759 2965 ‘,
1813 2893 2007 2970 inquit
2050 2890 2275 2966 Cicer0,
2329 2892 2433 2953 fde

254 2994 374 3034 uno
416 2974 571 3053 pede
614 2976 829 3035 sororis
865 2978 1057 3055 queri3
1103 2978 1241 3036 licet
1284 2978 1464 3035 etiam
1505 2975 1757 3035 alterum
1799 2975 2007 3035 tollas)
2078 2976 2240 3055 quod
2284 2977 2434 3037 ‘non

256 3059 592 3119 consulare’
630 3060 851 3119 dictum
889 3061 1239 3121 documento
1276 3080 1403 3120 esse
1449 3068 1643 3139 potest
1678 3060 1952 3121 Clodiam
1984 3063 2105 3120 iam
2138 3061 2244 3121 illo
2287 3070 2434 3122 tem·

253 3163 397 3224 pore
448 3144 606 3204 fama
659 3145 819 3204 haud
871 3148 1099 3206 sincera
1150 3146 1348 3205 fuisse.
1427 3148 1658 3226 itaque,
1711 3163 1845 3205 cum
1887 3167 2046 3206 anno
2097 3149 2435 3228 insequenti

253 3229 532 3290 Metellus
582 3233 892 3308 repentina
943 3239 1130 3292 morte
1181 3231 1525 3310 absumptus
1577 3240 1753 3306 esset,
1808 3231 1983 3292 facile
2037 3252 2181 3292 sane
2230 3254 2432 3293 rumor

255 3318 507 3375 existere
541 3317 732 3394 potuit
767 3334 902 3374 eum
936 3316 1010 3375 ab
1047 3336 1233 3377 uxore
1266 3335 1497 3377 veneno
1534 3325 1810 3377 necatum
1844 3336 1985 3378 esse.
2039 3325 2197 3379 certe
2225 3317 2431 3378 Cicero

253 3402 318 3460 in
361 3403 629 3460 oratione
670 3419 776 3478 pro
811 3400 893 3458 M.
932 3399 1138 3461 Caelio
1181 3401 1340 3462 Rufo
1384 3401 1588 3461 habita
1632 3402 1666 3477 ᾗ
1705 3404 1787 3463 60
1829 3403 1894 3462 id
1935 3403 2228 3480 flagitium
2270 3403 2436 3464 haud

253 3485 502 3545 obscure
544 3484 932 3563 significavit,
977 3488 1289 3566 ipsumque
1333 3487 1620 3560 Caelium,
1675 3508 1811 3547 cum
1851 3490 1916 3546 in
1960 3487 2184 3548 iudicio
2227 3498 2435 3548 contra

255 3571 616 3629 caIumniam
653 3569 899 3630 Clodiae
933 3589 994 3629 se
1032 3569 1392 3646 defenderet,
1431 3592 1563 3633 eam
1598 3572 1612 3600 ‘
1625 3572 2106 3651 quadrantariam
2135 3572 2435 3650 Clytaem-

254 3655 541 3715 nestram’
586 3674 831 3715 vocasse
875 3653 1233 3728 Quintiliani
1276 3659 1340 3716 in
1384 3660 1522 3717 inst.
1566 3677 1650 3716 or.
1694 3657 1857 3717 VIII
1894 3659 1929 3716 6
1969 3659 2051 3716 53
2096 3660 2433 3717 testimonio

254 3747 502 3799 constat.
554 3748 615 3799 at
651 3744 808 3800 enim
843 3760 1022 3799 causa
1055 3739 1202 3801 haec
1230 3741 1515 3802 Caeliana
1549 3762 1707 3801 anno
1744 3741 1980 3801 demum
2010 3737 2257 3819 698156,
2294 3741 2354 3801 h.
2380 3762 2430 3804 e.

252 3826 442 3885 tribus
497 3827 669 3885 annis
720 3833 853 3905 post
897 3827 1123 3886 obitum
1175 3828 1427 3901 Metelli,
1475 3834 1627 3886 acta
1679 3834 1792 3900 est,
1852 3834 2029 3886 antea
2081 3835 2278 3886 autem
2328 3831 2438 3907 qui

229 3913 650 3990 -suspicionem
685 3913 858 3969 istam
892 3914 1146 3971 moverit
1180 3915 1476 3972 neminem
1522 3914 1811 3972 novimus
1881 3930 2075 3991 neque
2109 3931 2250 3971 vero
2287 3911 2433 3973 Cae-

251 3994 371 4055 lius
406 4016 443 4053 a
477 3995 778 4056 veneficae
810 3998 1090 4055 nimirum
1134 3996 1395 4057 mulieris
1440 4016 1638 4058 amore
1672 3997 2072 4070 abhorruerat,
2117 4018 2259 4059 nam
2305 4000 2432 4059 eius

254 4099 391 4138 cum
422 4078 632 4139 Clodia
659 4080 1119 4142 familiaritatem
1153 4085 1309 4143 inter
1333 4103 1520 4143 annos
1552 4078 1780 4162 695159
1811 4091 1868 4141 et
1898 4076 2124 4162 697157
2154 4085 2438 4144 maxime·

254 4184 370 4244 que
408 4168 474 4224 in
510 4185 732 4224 annum
769 4162 999 4247 696158
1038 4167 1247 4228 cadere
1283 4168 1631 4228 Schwabius
1666 4188 1766 4248 qu.
1796 4166 1924 4227 Cat.
1960 4188 2017 4247 p.
2047 4169 2127 4227 66
2158 4189 2203 4228 S.
2237 4172 2439 4229 rectis·

253 4252 401 4311 sime
442 4253 662 4310 statuit.
715 4250 832 4311 huc
865 4251 1094 4313 accedit
1128 4253 1306 4333 quod,
1342 4255 1394 4313 si
1427 4252 1642 4314 Clodia
1674 4251 1969 4314 interfecti
2000 4272 2108 4334 per
2140 4272 2441 4315 venenum

363 4346 559 4388 catullus
2058 4353 2097 4391 B
