3225 5171
1239 488 1695 531 PROLEGOMENA
1953 502 1956 503 ⁷
2396 491 2563 534 XXXV

387 604 547 688 quod
572 615 768 667 autem
796 627 974 686 supra
998 609 1349 683 negavimus
1367 607 1731 665 Mamurram
1758 608 1879 665 iam
1901 606 2016 665 hoc
2041 614 2303 686 tempore
2328 610 2557 685 magni-

388 695 502 752 fica
540 713 647 752 sua
689 695 753 750 in
790 693 992 752 Caelio
1037 700 1234 750 monte
1270 692 1443 750 domo
1488 691 1818 751 extruenda
1861 700 2207 770 occupatum
2252 692 2448 765 fuisse,
2494 692 2559 752 id

388 778 746 837 carminibus
776 777 981 838 CXIV
1006 787 1066 836 et
1094 776 1267 837 CXV
1292 776 1487 835 denuo
1524 776 1918 848 confirmatur,
1954 779 2019 835 in
2046 777 2260 855 quibus
2287 777 2557 837 Catullus

386 863 554 921 illum
593 863 667 923 ob
702 865 1002 940 ingentem
1031 881 1202 921 suum
1228 861 1444 920 saltum
1469 861 1836 933 Firmanum‚
1875 863 2040 921 cuius
2068 862 2331 938 singulas
2363 872 2557 942 partes

387 956 708 1020 enumerat,
754 951 881 1007 iure
917 946 1162 1006 divitem
1205 946 1413 1005 haberi
1456 948 1556 1005 ait.
1629 949 1846 1006 etenim
1889 948 1953 1005 in
1994 945 2104 1005 tali
2146 947 2383 1026 quidem
2426 967 2558 1008 sen-

385 1035 572 1092 tentia
606 1032 781 1092 aedes
816 1035 960 1093 istas
992 1051 1365 1105 marmoreas,
1403 1033 1579 1090 etiam
1616 1034 1667 1090 si
1691 1031 2001 1090 incohatae
2026 1039 2258 1090 tantum
2290 1031 2555 1106 fuissent,

386 1117 620 1177 silentio
657 1120 977 1196 praeterire
1011 1119 1115 1175 vix
1153 1125 1211 1177 et
1244 1136 1321 1176 ne
1365 1120 1474 1175 vix
1507 1115 1744 1196 quidem
1790 1119 1995 1194 potuit.
2031 1149 2116 1158 —
2150 1119 2270 1176 iam
2314 1117 2389 1177 de
2433 1140 2558 1179 car-

386 1204 547 1262 mine
580 1203 926 1262 brevissimo
960 1202 1181 1263 XCIII
1214 1204 1278 1260 in
1311 1205 1504 1280 ipsum
1543 1201 1859 1260 Caesarem
1893 1201 2049 1261 facto
2087 1200 2456 1277 disseramus,
2493 1206 2557 1262 in

389 1307 503 1366 quo
540 1295 716 1366 poeta
748 1290 997 1346 nimium
1031 1306 1094 1346 se
1129 1287 1361 1346 studere
1395 1295 1463 1345 ut
1496 1286 1586 1344 illi
1618 1285 1852 1365 placeat
1885 1294 2067 1364 negat
2091 1306 2201 1348 nec
2227 1290 2377 1347 scire
2401 1288 2558 1348 velle

388 1374 472 1431 ait
505 1381 699 1431 utrum
745 1372 914 1431 albus
951 1393 1030 1430 an
1074 1379 1201 1431 ater
1241 1372 1415 1430 homo
1461 1374 1552 1444 sit,
1601 1390 1754 1450 quae
1797 1373 2033 1430 insania
2074 1373 2206 1431 visa
2248 1381 2337 1432 est
2370 1370 2557 1446 Quin-

386 1456 592 1517 tiliano
626 1458 727 1516 XI
764 1460 797 1515 1
839 1459 936 1517 38.
989 1456 1148 1536 quod
1183 1459 1547 1535 epigramma
1583 1456 1830 1515 fortasse
1866 1457 1973 1515 sub
2009 1456 2166 1516 idem
2201 1466 2433 1536 tempus
2469 1466 2558 1517 est

389 1544 670 1620 scriptum
722 1549 898 1620 atque
949 1561 997 1601 c.
1041 1542 1204 1614 LIV,
1258 1541 1314 1599 h.
1362 1562 1410 1601 e.
1464 1549 1776 1620 postquam
1830 1540 2100 1600 Catullus
2152 1562 2330 1621 quam
2381 1562 2557 1620 aegre

390 1624 608 1687 Caesar
650 1628 877 1686 iambos
923 1646 1058 1686 suos
1101 1626 1333 1686 tulisset
1376 1635 1753 1704 compererat.
1825 1626 1929 1686 sed
1969 1635 2164 1705 potest
2205 1629 2383 1686 etiam
2424 1636 2559 1706 post

384 1719 593 1790 poetae
621 1732 755 1770 cum
771 1711 875 1770 illo
902 1712 1436 1771 reconciliationem
1465 1713 1747 1789 scriptum
1775 1730 1917 1784 esse,
1945 1720 2013 1769 ut
2031 1713 2328 1772 Brunerus
2353 1733 2409 1791 p.
2433 1714 2554 1771 642

387 1805 602 1870 censet,
651 1799 701 1856 si
735 1795 972 1877 quidem
1015 1797 1128 1856 hoc
1170 1796 1464 1856 distichon
1506 1817 1628 1855 non
1673 1797 1748 1855 ab
1792 1799 1919 1874 ipso
1957 1795 2192 1856 Catullo
2235 1799 2300 1857 in
2341 1798 2557 1875 vulgus

388 1880 610 1954 datum,
657 1882 759 1942 sed
794 1889 1020 1940 mortuo
1055 1890 1230 1960 poeta
1271 1882 1348 1940 ab
1394 1883 1598 1941 amicis
1642 1883 1707 1941 in
1749 1880 2036 1940 codicillis
2080 1883 2205 1940 eius
2246 1885 2557 1942 inventum

387 1967 630 2044 reliquis
677 1969 1115 2046 epigrammatis
1168 1965 1461 2026 adiectum
1516 1985 1643 2025 esse
1695 1968 1994 2024 sumimus,
2031 1996 2114 2007 -
2148 1974 2330 2026 restat
2372 1975 2440 2025 ut
2482 1967 2557 2027 de

388 2071 436 2110 c.
482 2052 605 2110 LII
649 2051 930 2125 dicamuS,
975 2053 1041 2110 in
1086 2071 1203 2130 quo
1245 2058 1421 2129 poeta
1460 2051 1728 2109 Nonium
1779 2052 1842 2109 in
1893 2049 2042 2108 sella
2094 2050 2283 2108 curuli
2334 2051 2553 2124 sedere,

385 2136 692 2196 Vatinium
737 2157 842 2216 per
885 2135 1252 2196 consulatum
1294 2138 1586 2213 perierare
1629 2134 1875 2210 indigne
1917 2134 2047 2194 fert.
2118 2134 2277 2214 quod
2320 2155 2557 2196 carmen

387 2241 520 2281 cum
556 2230 732 2280 antea
774 2221 1041 2300 plerique
1083 2220 1191 2278 sub
1238 2223 1402 2278 exitu
1445 2221 1588 2277 anni
1635 2216 1862 2296 707s47
1909 2221 2190 2298 scriptum
2233 2239 2361 2279 esse
2404 2220 2555 2280 iudi·

385 2314 632 2379 cassent,
670 2307 889 2384 quippe
918 2325 1034 2384 quo
1059 2312 1320 2382 tempore
1335 2305 1405 2364 P.
1424 2304 1701 2364 Vatinius
1728 2324 1849 2362 una
1874 2324 2008 2363 cum
2036 2303 2107 2378 Q.
2126 2305 2300 2365 Fufio
2332 2304 2554 2365 Caleno

382 2411 490 2470 per
518 2390 831 2450 Caesarem
859 2388 1065 2448 consul
1088 2388 1280 2448 factus
1308 2396 1473 2462 esset,
1503 2388 1617 2447 Th.
1645 2389 2047 2448 Mommsenus
2074 2389 2207 2449 hist.
2234 2390 2403 2450 Rom.
2431 2391 2552 2464 111,

383 2498 442 2554 p.
483 2477 602 2532 332
642 2473 731 2533 ed.
770 2481 916 2533 sext.
953 2474 1018 2533 id
1053 2494 1127 2535 ex
1161 2475 1357 2533 verbis
1394 2473 1615 2533 Catulli
1647 2483 1807 2534 recte
1842 2475 2055 2534 confici
2096 2477 2356 2552 negavit,
2402 2479 2553 2534 eius-

385 2579 503 2641 que
545 2561 897 2620 sententiam
946 2566 1152 2639 postea
1195 2557 1538 2621 Schwabius
1581 2580 1679 2639 qu.
1725 2558 1854 2620 Cat.
1897 2581 1955 2641 p.
1995 2561 2074 2621 39
2104 2580 2177 2621 ss.
2223 2563 2553 2621 accuratius

340 2686 354 2698 κ
385 2645 708 2725 explicavit
751 2647 1039 2725 novisque
1090 2646 1450 2723 argumentis
1504 2646 1891 2707 confirmavit.
1963 2648 2067 2726 qui
2115 2655 2314 2706 tamen
2365 2667 2553 2706 unum

382 2731 650 2808 neglexit
707 2732 1146 2808 gravissimum,
1218 2730 1293 2790 de
1352 2750 1467 2810 quo
1527 2730 1775 2789 Ellisius
1845 2730 2079 2790 demum
2151 2734 2553 2790 commentarii

381 2837 439 2895 p.
498 2818 617 2875 142
677 2818 923 2875 monuit.
1012 2816 1238 2875 scilicet
1294 2836 1347 2875 a.
1405 2817 1440 2872 7
1444 2810 1630 2895 07s47
1688 2835 1819 2874 cum
1880 2818 2260 2892 magistratus
2320 2816 2552 2875 curules

381 2909 616 2980 praeter
659 2901 928 2961 consules
973 2920 1100 2961 sero
1145 2908 1368 2960 creatos
1405 2903 1645 2959 omnino
1678 2899 1832 2958 nulli
1866 2908 2059 2959 essent
2094 2896 2174 2974 (v.
2209 2900 2329 2959 Dio
2363 2899 2553 2960 XLII

385 2988 468 3045 20
504 2989 565 3045 4.
603 2988 682 3045 27
723 2987 779 3046 2.
817 2987 895 3044 55
935 2984 1020 3060 4),
1063 2986 1314 3057 Nonius,
1359 2987 1624 3064 quisquis
1660 2992 1800 3057 erat,
1843 2986 1909 3041 in
1944 2984 2090 3044 sella
2124 2984 2316 3044 curuli
2350 2984 2552 3045 sedere

381 3091 504 3130 non
547 3072 754 3148 potuit.
823 3069 927 3129 sed
979 3078 1046 3129 ιιι
1096 3070 1172 3130 ad
1215 3070 1520 3130 Vatinium
1566 3077 1944 3142 revertamur,
1998 3088 2174 3148 quem
2224 3077 2398 3148 poeta
2447 3089 2554 3149 per

383 3154 753 3215 consulatum
787 3157 1079 3232 perierare
1113 3158 1214 3227 ait,
1259 3174 1331 3213 ea
1365 3154 1548 3213 verba
1591 3157 1769 3214 etiam
1815 3154 1888 3213 de
1932 3153 2290 3214 confidentia
2322 3156 2553 3216 Vatinii

384 3260 504 3321 qua
537 3239 663 3298 fore
698 3240 971 3317 sperabat
994 3248 1061 3298 ut
1088 3239 1293 3299 consul
1328 3239 1494 3299 fieret
1518 3239 1864 3316 intellegere
1886 3239 2042 3313 licet,
2079 3239 2351 3319 hancque
2373 3241 2553 3299 inter·

379 3326 768 3404 pretationem
806 3323 991 3383 solam
1024 3325 1120 3384 hic
1154 3323 1385 3383 admitti
1410 3325 1831 3384 sententiarum
1855 3327 2004 3383 ratio
2032 3324 2218 3397 docet,
2256 3345 2402 3405 quas
2436 3327 2554 3384 nisi

383 3412 469 3470 sic
505 3410 620 3469 sibi
653 3411 872 3487 opponi
906 3416 1229 3467 statuamus
1262 3416 1332 3467 ιιι
1363 3409 1511 3468 alter
1553 3412 1961 3487 magistratum
1996 3410 2256 3489 aliquem
2291 3409 2553 3470 curulem

381 3505 599 3567 tenere,
647 3494 797 3553 alter
831 3494 1198 3552 consulatum
1235 3514 1460 3553 summa
1496 3494 1716 3554 fiducia
1751 3502 2062 3573 expectare
2097 3494 2343 3567 dicatur,
2390 3497 2552 3554 omni

383 3582 707 3641 orationem
742 3580 1140 3637 concinnitate
1175 3598 1372 3638 carere
1416 3577 1675 3658 adparet.
1744 3586 1922 3657 atque
1961 3598 2026 3639 re
2068 3598 2212 3638 vera
2244 3579 2553 3639 Vatinium

383 3665 583 3724 multis
617 3665 790 3723 annis
825 3670 962 3722 ante
997 3683 1174 3742 quam
1200 3666 1326 3723 voti
1361 3666 1453 3723 sui
1487 3683 1724 3742 compos
1749 3663 1916 3723 fieret
1942 3663 2321 3742 ‘inpudenter
2347 3665 2553 3722 vatici-

383 3748 609 3808 nando'
646 3748 1014 3808 consulatum
1050 3767 1112 3808 se
1147 3768 1382 3827 sperare
1415 3769 1593 3828 saepe
1620 3748 1840 3807 dixisse
1869 3746 2170 3807 Ciceronis
2205 3751 2269 3806 in
2304 3767 2438 3807 eum
2464 3751 2553 3807 in-

383 3836 701 3911 terrogatio
747 3854 798 3894 a.
846 3830 1074 3911 698s56
1120 3833 1322 3893 habita
1365 3833 1398 3909 ξ
1437 3836 1473 3892 6
1520 3842 1580 3893 et
1628 3836 1701 3891 11
1751 3834 2023 3892 ostendit.
2096 3840 2552 3894 consentaneum

384 3926 475 3979 est
517 3927 713 3978 autem
754 3920 927 3978 istam
975 3938 1138 3996 spem
1180 3920 1409 3980 Vatinii
1461 3921 1640 3979 etiam
1689 3918 2071 3978 vehementer
2121 3925 2355 3977 auctam
2406 3938 2551 3992 esse,

382 4010 692 4083 postquam
736 4023 789 4062 a.
837 3999 1063 4073 699l55
1112 4023 1222 4083 ope
1263 4006 1638 4063 triumvirum
1673 4003 1755 4062 Μ.
1794 4002 2020 4063 Catone
2064 4006 2424 4083 conpetitore
2465 4023 2554 4064 re-

382 4088 552 4166 pulso
587 4096 822 4167 praetor
855 4096 1084 4150 creatus
1119 4098 1286 4149 esset.
1339 4109 1588 4168 cumque
1622 4088 1853 4167 reliqua
1887 4088 2109 4149 Catulli
2144 4091 2208 4147 in
2240 4087 2554 4152 ,Caesarem

384 4182 445 4232 et
481 4171 866 4234 Caesarianos
901 4176 1164 4235 carmina
1189 4175 1404 4247 omnia,
1441 4182 1508 4232 ιιι
1532 4172 1807 4246 vidimus,
1846 4181 1950 4233 aut
1982 4176 2048 4232 in
2072 4194 2296 4233 annum
2324 4169 2550 4251 699s55

387 4265 492 4317 aut
525 4259 589 4316 in
624 4261 888 4337 proxime
921 4262 1326 4341 insequentem
1355 4259 1586 4333 cadant,
1623 4280 1742 4319 non
1767 4268 1962 4338 potest
1986 4258 2233 4320 dubium
2259 4278 2384 4320 esse
2412 4260 2557 4338 quin

2145 4354 2218 4397 C*
