3225 5171
1163 435 1620 479 PROIAEGOMENA
2390 436 2482 479 vn

304 573 512 615 amore
553 553 864 614 cohaerere
907 572 1224 613 censemus.
1295 557 1574 614 incertius
1625 554 1909 615 iudicium
1951 555 2025 615 de
2068 557 2327 615 carmine
2359 555 2477 614 XL

308 648 418 714 est,
453 642 517 699 in
555 642 719 698 cuius
747 658 921 700 versu
950 641 983 696 7
1016 638 1285 699 Catullus
1320 648 1551 718 praeter
1576 660 1746 699 suam
1771 643 1837 699 in
1865 639 2234 718 designanda
2259 640 2479 700 Lesbia

308 724 797 785 consuetudinem
834 724 1020 784 ‘meos
1057 724 1308 784 amores‘
1337 724 1502 783 dixit.
1556 745 1738 804 quare
1766 725 1925 785 Guil.
1944 725 2380 785 Vorlaenderus
2415 727 2479 784 in

312 810 720 869 dissertatione
757 808 832 868 de
868 808 1091 867 Catulli
1123 808 1202 867 ad
1235 810 1513 869 Lesbiam
1553 811 1909 869 carminibus
1944 812 2187 870 Bonnae
2222 831 2273 868 a.
2314 811 2478 869 1864

311 895 615 974 publicata
640 915 696 973 p.
729 895 807 951 19
836 915 893 952 n.
930 895 1042 954 hoc
1076 896 1432 971 poematium
1460 896 1740 972 praetulit
1766 894 1843 953 ad
1867 895 2210 955 Iuventium
2241 894 2476 968 referre,

306 981 418 1059 qui
457 982 543 1039 ita
588 978 899 1047 <lentatur
943 999 990 1038 c.
1026 979 1146 1038 XV
1185 982 1216 1036 1
1258 987 1315 1039 et
1350 979 1512 1038 XXI
1553 983 1608 1038 4.
1664 999 2021 1059 quamquam
2065 1000 2195 1040 eam
2237 980 2479 1040 locutio-

311 1083 449 1124 nem
481 1083 589 1144 per
622 1084 685 1124 se
719 1066 896 1123 etiam
933 1062 1007 1123 de
1041 1064 1260 1123 Lesbia
1294 1064 1560 1124 adhiberi
1605 1067 1866 1143 potuisse
1899 1064 2340 1124 concedendum
2374 1072 2478 1125 est.

308 1149 466 1209 conf.
494 1169 542 1209 c.
571 1149 747 1209 XLV
779 1156 809 1206 1
842 1157 900 1208 et
923 1149 1134 1209 LXIV
1163 1152 1258 1206 27.
1314 1147 1529 1208 deinde
1564 1149 1730 1208 nulla
1764 1152 2003 1210 omnino
2040 1169 2219 1209 causa
2252 1158 2340 1209 est
2377 1170 2482 1209 cur

309 1254 362 1293 c.
389 1235 555 1293 XIII
586 1236 660 1294 11
691 1234 971 1293 Lesbiam
1006 1234 1272 1311 intellegi
1307 1234 1671 1293 arbitremur.
1724 1234 1980 1314 denique
2017 1255 2251 1295 carmen
2273 1234 2479 1308 XLII,

308 1322 378 1378 in
414 1340 529 1398 quo
567 1319 838 1379 Catullus
872 1318 1177 1378 mulierem
1210 1319 1533 1398 pugillares
1569 1339 1705 1379 suos
1740 1319 1855 1379 sibi
1895 1319 2140 1380 reddere
2182 1319 2482 1379 nolentem

313 1406 676 1480 gravissimis
710 1406 1033 1471 insectatur
1066 1404 1380 1465 verborum
1415 1403 1801 1478 contumeliiS,
1848 1406 2130 1463 miramur
2164 1405 2345 1464 fuisse
2379 1405 2482 1483 qui

309 1488 393 1548 ad
428 1509 555 1549 eam
589 1491 883 1567 pertinere
917 1488 1030 1549 sibi
1063 1489 1486 1569 persuaderent
1519 1491 1617 1548 cui
1658 1497 1835 1568 poeta
1868 1509 1917 1548 c.
1956 1489 2097 1549 CIV
2131 1488 2483 1549 maledicere

315 1593 382 1634 se
416 1594 585 1653 posse
619 1582 815 1651 negat.

440 1660 571 1718 Iam
605 1660 797 1738 qualis
821 1659 1039 1719 Lesbla
1072 1660 1219 1719 haec
1245 1658 1424 1718 fuerit
1450 1677 1715 1740 quasque
1742 1658 1965 1719 Catulli
1992 1678 2135 1736 erga
2161 1679 2291 1719 eam
2318 1679 2482 1719 amor

311 1743 747 1805 vicissitudines
800 1745 1074 1804 habuerit
1132 1744 1456 1805 secundum
1516 1762 1586 1802 ea
1648 1746 1909 1802 carmina
1960 1750 2112 1824 quae
2164 1752 2321 1804 certo
2382 1754 2486 1803 aut

314 1850 534 1905 magna
569 1849 699 1888 cum
734 1828 1147 1908 probabilitate
1182 1829 1258 1888 ad
1285 1831 1458 1888 istam
1482 1827 1787 1888 mulierem
1822 1829 2028 1888 referri
2054 1829 2311 1887 diximus
2348 1837 2486 1888 ante

313 1914 516 1974 oculos
539 1933 755 1993 ponere
783 1916 1143 1988 conabimur,
1170 1914 1328 1974 unde
1356 1914 1531 1973 simul
1558 1920 1946 1990 cognoscetur
1970 1934 2148 1992 quam
2177 1914 2251 1973 de
2278 1914 2485 1974 ordine

312 2019 432 2078 quo
475 1999 622 2058 haec
660 2007 934 2078 poemata
987 2018 1114 2058 sese
1164 2001 1436 2077 excipere
1487 1998 1805 2058 videantur
1855 2001 2207 2057 sententiam
2248 2000 2310 2057 in
2355 2002 2486 2057 uni-

313 2103 553 2143 versum
598 2093 792 2144 mente
837 2084 1311 2144 formaverimus:
1364 2103 1503 2141 nam
1547 2082 1784 2159 singula
1828 2085 2026 2141 omnia
2069 2085 2172 2161 qui
2216 2093 2488 2142 accurate

311 2169 674 2248 temporibus
737 2167 932 2228 divisa
992 2187 1055 2229 se
1123 2167 1421 2247 explicare
1480 2186 1652 2245 posse
1713 2169 1986 2246 opinatur
2054 2186 2290 2246 operam
2358 2186 2487 2246 per·

312 2252 547 2313 diderit.

442 2338 721 2398 Lesbiam
763 2357 800 2395 a
843 2335 1079 2396 Catullo
1131 2344 1387 2395 amatam
1436 2343 1683 2416 nuptam
1733 2337 2038 2397 mulierem
2081 2337 2264 2397 fuisse
2309 2345 2487 2417 atque

313 2422 575 2482 nobilem
611 2422 998 2481 certissimum
1031 2428 1134 2494 est,
1169 2440 1362 2501 neque
1394 2442 1634 2501 possum
1660 2426 1801 2481 satis
1829 2423 2029 2481 mirari
2064 2442 2251 2501 nuper
2284 2442 2485 2482 rursus

314 2508 585 2568 extitisse
629 2507 733 2587 qui
773 2513 1021 2584 utroque
1064 2514 1282 2566 temere
1322 2515 1537 2584 negato
1584 2506 1660 2566 de
1702 2507 1983 2567 libertina
2017 2516 2074 2567 et
2115 2506 2487 2567 meretricula

315 2593 555 2669 vulgari
601 2594 860 2669 cogitare
903 2591 1119 2651 mallet.
1181 2591 1364 2671 quid?
1415 2593 1491 2652 ad
1541 2593 1723 2653 talem
1766 2592 2074 2654 mulierem
2117 2595 2394 2653 carminis
2427 2594 2487 2653 V

316 2680 551 2737 initium
591 2677 879 2757 quadrare
920 2677 1257 2755 putabimus
1271 2723 1284 2750 ,
1330 2678 1434 2737 ubi
1474 2685 1651 2756 poeta
1692 2678 1953 2756 puellam
1988 2698 2154 2737 suam
2189 2677 2267 2737 ad
2300 2681 2485 2737 vitam

316 2763 797 2842 voluptatemque
841 2762 1086 2822 abiectis
1138 2764 1409 2822 omnibus
1460 2763 1750 2841 scrupulis
1792 2762 2102 2823 fruendam
2146 2764 2487 2823 exhortatur

316 2848 429 2908 hoc
454 2848 644 2921 modo,
682 2849 1012 2921 ‘Vivamus,
1049 2867 1183 2907 mea
1208 2849 1442 2920 Lesbia,
1482 2856 1660 2927 atque
1687 2866 1965 2921 amemus,
2001 2849 2485 2925 Rumoresque

317 2951 562 2992 senum
615 2935 1049 2993 severiorum
1094 2931 1317 2993 Omnes
1360 2935 1535 2991 unius
1579 2934 1952 2990 aestimemus
2001 2930 2220 2991 assis'?
2272 2933 2485 3011 quibus

316 3017 515 3078 verbis
577 3038 833 3077 amorem
901 3025 1167 3077 veterum
1226 3035 1459 3097 quoque
1527 3016 1748 3076 iudicio
1809 3016 2102 3075 inlicitum
2163 3017 2486 3093 significari

316 3102 695 3161 manifestum
730 3110 832 3161 est.
902 3122 1097 3181 neque
1130 3122 1271 3162 vero
1308 3121 1460 3181 quae
1499 3122 1545 3161 c.
1581 3102 1745 3162 VIII
1785 3103 1862 3159 14
1890 3121 1964 3161 ss,
2003 3101 2078 3161 de
2112 3110 2416 3180 separatae
2451 3122 2486 3160 a

318 3206 384 3246 se
427 3186 665 3264 puellae
705 3188 858 3245 tristi
908 3187 1224 3246 solitudine
1275 3186 1587 3266 praedicit·
1615 3195 1790 3265 poeta
1830 3186 2195 3247 intellectum
2247 3187 2485 3259 habent,

318 3273 435 3331 nisi
471 3269 548 3329 ad
583 3270 887 3330 mulierem
913 3274 1071 3332 vitae
1104 3271 1450 3332 condicione
1476 3273 1993 3350 circumscriptam,
2029 3274 2127 3331 cui
2159 3292 2280 3331 non
2311 3275 2487 3331 scorti

317 3358 507 3415 instar
549 3357 760 3434 quovis
801 3359 1078 3435 temporis
1121 3366 1413 3417 momento
1459 3359 1648 3416 cuivis
1691 3356 1796 3415 alii
1840 3375 1968 3416 sese
2012 3356 2225 3416 dedere
2266 3357 2486 3428 liceret,

316 3444 499 3499 missa
543 3460 670 3500 esse
715 3442 1140 3500 existimantur.
1212 3441 1422 3521 quodsi
1456 3443 1588 3520 quis
1632 3443 1746 3501 ista
1791 3441 1912 3500 ‘cui
1954 3440 2249 3502 videberis
2290 3441 2490 3501 bella?

317 3523 512 3598 Quem
540 3545 699 3584 nunc
726 3524 991 3584 amabis?
1025 3527 1191 3585 cuius
1217 3545 1344 3586 esse
1372 3525 1650 3586 dicerisP'
1689 3534 1749 3586 et
1772 3525 1988 3585 similia
2013 3537 2232 3604 nuptae
2258 3526 2491 3586 mulieri

316 3610 441 3668 *dici
476 3613 734 3683 miratur,
771 3631 895 3670 non
930 3618 1019 3670 est
1050 3609 1115 3669 id
1156 3614 1370 3671 mirum
1402 3619 1713 3690 propterea
1738 3613 1880 3690 quia
1906 3611 2176 3670 Catullus
2211 3613 2487 3670 maritum

316 3694 573 3754 Lesbiae
616 3697 855 3755 omnino
899 3715 1021 3754 non
1063 3704 1350 3769 numerat,
1403 3698 1623 3776 quippe
1667 3714 1843 3774 quem
1885 3695 1962 3756 ab
2006 3696 2112 3754 illa
2153 3717 2276 3755 non
2318 3695 2491 3773 diligi

321 3789 425 3838 aut
475 3781 708 3839 noverit
759 3788 863 3839 aut
919 3801 1025 3858 pro
1086 3789 1242 3841 certo
1296 3781 1527 3840 habeat.
1606 3800 1784 3858 quem
1834 3787 2055 3859 quanto
2118 3799 2292 3859 opere
2354 3801 2490 3840 con-

318 3867 623 3942 tempserit
657 3886 704 3924 c.
731 3865 1079 3925 LXXXIII
1110 3866 1409 3944 patefacit,
1445 3866 1551 3925 ubi
1587 3865 1870 3924 ‘fatuum’
1898 3872 1959 3924 et
1986 3865 2263 3925 ‘mulum’
2301 3874 2489 3925 vocat.

317 3967 441 4007 non
475 3968 747 4009 veremur
789 3954 949 4010 enim
990 3970 1067 4011 ne
1101 3953 1233 4030 quis
1277 3972 1412 4010 cum
1444 3951 1522 4010 A.
1559 3950 1762 4010 Riesio
1806 3950 2000 4009 annal.
2045 3951 2249 4029 philol.
2285 3958 2325 4009 t.
2363 3950 2488 4025 CV,

321 4052 379 4110 p.
427 4034 547 4091 753
594 4034 841 4094 ‘virum’
886 4036 1142 4096 Lesbiae
1182 4038 1247 4095 in
1297 4036 1411 4095 hoc
1461 4037 1756 4116 poematio
1802 4046 2317 4096 commemoratum
2369 4056 2491 4096 non

321 4119 636 4196 coniugem
678 4122 822 4194 eius,
877 4120 982 4181 sed
1023 4122 1221 4181 nescio
1266 4140 1443 4200 quem
1484 4123 1741 4199 priorem
1792 4127 2112 4181 amatorem
2163 4120 2488 4197 intellegat.

317 4220 476 4281 quae
526 4206 724 4283 opinio
779 4226 956 4286 quam
1006 4225 1286 4288 perversa
1329 4208 1429 4281 sit,
1483 4205 1571 4280 id,
1625 4213 1693 4266 ut
1742 4204 1863 4286 alia
1904 4207 2158 4280 mittam,
2214 4208 2491 4266 carminis
