3225 5171
776 428 863 470 XC
1652 425 2106 469 PROLBGOMRNA

773 548 983 606 societ.
1019 547 1221 605 scient.
1257 544 1561 603 Fennicae
1593 550 1636 603 t.
1671 544 1813 616 VII,
1850 565 1907 623 p.
1947 546 2064 603 601
2099 565 2172 604 ss.
2211 545 2504 605 subtiliter
2550 548 2614 603 in
2660 564 2790 604 eam
2836 564 2964 605 rem

772 632 1096 711 inquisivit
1154 629 1575 708 vulgatamque
1628 631 1967 707 opinionem
2021 631 2193 689 certis
2247 633 2606 706 argumentis
2658 630 2958 689 refutavit.

784 719 952 775 cuius
985 723 1185 775 tamen
1213 717 1626 774 commentatio
1663 715 1854 773 bonae
1882 715 2068 791 frugis
2093 715 2272 793 plena
2296 715 2456 794 apud
2483 724 2714 776 exteros
2748 737 2962 794 parum

785 803 1111 860 innotuisse
1144 799 1396 871 videtur,
1432 801 1518 858 ita
1550 807 1620 857 ut
1653 803 1756 877 qui
1790 809 1996 878 postea
2031 798 2106 859 de
2134 799 2358 859 Catulli
2393 801 2751 860 carminibus
2779 803 2961 880 scrip—

785 894 991 946 serunt
1023 885 1249 945 nullam
1284 885 1407 944 fere
1435 887 1560 943 eius
1586 887 1876 945 rationem
1905 885 2237 945 habuerint.
2289 888 2694 945 recentissima
2722 886 2960 945 demum

770 979 977 1031 -aetate
997 970 1063 1030 C.
1082 971 1152 1029 P.
1174 969 1487 1029 Schulzius
1512 971 1577 1027 in
1603 969 1757 1029 libro
1776 970 2064 1028 saeculari
2091 991 2128 1029 a
2153 971 2631 1050 praeceptoribus
2659 973 2960 1050 gymnasii

776 1056 1181 1116 Berolinensis
1224 1054 1938 1114 Friderico-Werderiani
1983 1076 2032 1113 a.
2082 1057 2240 1114 1881
2289 1055 2590 1135 publicato
2633 1077 2690 1135 p.
2733 1057 2850 1113 197
2882 1076 2955 1115 ss.

781 1143 1034 1201 Bruneri
1095 1144 1396 1218 ingressus
1464 1141 1731 1215 vestigiis
1795 1143 2198 1219 quaestionem
2259 1141 2337 1199 ad
2387 1143 2613 1201 exitum
2664 1140 2958 1201 adducere

765 1229 1109 1305 temptavit,
1162 1245 1272 1286 nec
1324 1224 1508 1284 multo
1554 1235 1687 1304 post
1727 1224 2076 1285 Theodorus
2122 1227 2345 1285 Birtius
2395 1229 2460 1285 in
2512 1226 2665 1285 libro
2711 1228 2813 1305 qui
2865 1229 2956 1285 111-

766 1315 1032 1390 scriptus
1085 1319 1175 1370 est
1229 1310 1359 1369 ‘das
1413 1309 1619 1368 antike
1653 1310 2015 1370 Buchwesen
2060 1314 2126 1369 in
2175 1313 2399 1370 seinem
2433 1311 2807 1371 Verhaltniss
2850 1331 2958 1369 zur

780 1396 1151 1468 Litteratur’,
1186 1416 1245 1474 p.
1284 1397 1403 1453 401
1428 1415 1501 1454 ss,
1539 1395 1747 1454 eadem
1793 1394 1868 1454 de
1911 1414 1974 1454 re
2012 1394 2337 1474 disputavit
2381 1395 2588 1455 itidem
2622 1398 2955 1455 Brunerum

779 1484 845 1541 in
879 1484 1222 1540 universum
1258 1480 1469 1539 ducem
1504 1488 1755 1552 secutuS,
1803 1481 1968 1539 cuius
2012 1489 2210 1539 tamen
2246 1483 2798 1540 commentationem
2833 1502 2955 1540 non

779 1570 908 1646 ipse
940 1565 1162 1625 vidisse
1205 1572 1412 1642 potest.
1496 1569 1715 1624 etenim
1749 1567 2001 1624 Bruneri
2045 1585 2197 1645 quae
2239 1573 2377 1625 sunt
2409 1566 2620 1625 Ellisio
2667 1567 2951 1639 attribuit,

768 1654 887 1731 qui
919 1653 983 1710 in
1018 1650 1315 1710 adnotatis
1350 1649 1428 1708 ad
1461 1670 1509 1708 c.
1546 1651 1579 1708 I
1614 1658 1964 1726 argumenta
1996 1650 2156 1710 illius
2193 1671 2268 1711 ex
2302 1659 2469 1730 parte
2504 1650 2812 1729 amplexus
2848 1659 2951 1723 est,

778 1745 1040 1796 ceterum
1075 1737 1313 1795 nomine
1349 1737 1601 1794 auctoris
1637 1756 1759 1794 11011
1796 1734 1999 1795 celato.
2070 1736 2277 1795 horum
2311 1739 2497 1814 igitur
2531 1736 2954 1796 observationi-

780 1822 909 1895 buS,
964 1829 1252 1900 quatenus
1306 1821 1478 1880 nobis
1523 1820 1703 1879 fidem
1746 1820 2027 1895 fecerunt,
2081 1823 2146 1880 in
2191 1841 2315 1880 rem
2359 1830 2619 1880 nostram
2655 1823 2954 1881 conversis

763 1914 963 1966 'totam
1000 1909 1403 1985 quaestionem
1450 1908 1535 1964 ita
1567 1905 2012 1965 retractabimus
2046 1914 2113 1965 ut
2147 1906 2292 1985 quid
2328 1914 2432 1965 aut
2466 1914 2621 1966 certo
2658 1907 2955 1984 explorari

772 2000 884 2051 aut
926 1992 1311 2070 probabiliter
1353 1992 1533 2050 statui
1566 2010 1755 2069 posse,
1803 1990 1946 2070 quid
1990 1995 2056 2050 in
2099 1991 2293 2051 medio
2336 1990 2790 2071 relinquendum
2828 2010 2953 2051 esse

778 2077 1055 2136 videatur
1098 2097 1232 2136 cum
1278 2097 1419 2136 cura
1463 2075 1941 2135 demonstremus.
2021 2079 2140 2134 iam
2185 2097 2263 2137 ex
2308 2078 2391 2136 eis
2442 2096 2596 2156 quae
2649 2097 2828 2155 supra
2879 2076 2952 2137 de

770 2165 905 2221 vita
938 2169 1146 2240 poetae
1181 2161 1561 2222 disseruimus
1589 2163 1798 2219 miram
1833 2160 2132 2240 quandam
2158 2163 2482 2221 carminum
2510 2164 2767 2240 corporis
2795 2161 2954 2241 quod

777 2266 997 2306 nomen
1049 2248 1175 2307 eius
1227 2246 1343 2306 fert
1395 2246 1801 2305 condicionem
1850 2246 2120 2323 intellegi
2180 2247 2362 2305 licuit.
2450 2246 2742 2326 permulta
2793 2251 2954 2307 enim

775 2339 1050 2410 poemata
1086 2339 1430 2407 argumento
1467 2340 1592 2390 arte
1625 2335 1780 2390 inter
1813 2351 1877 2391 se
1912 2332 2285 2392 cohaerentia
2329 2339 2506 2411 atque
2540 2339 2801 2411 tempore
2838 2333 2952 2392 sibi

774 2420 1050 2495 proxima
1085 2416 1182 2474 hic
1216 2415 1339 2474 illic
1374 2415 1640 2494 dispersa
1673 2424 1732 2475 et
1775 2416 2060 2495 dissipata
2101 2417 2395 2493 leguntur,
2443 2436 2711 2497 quaeque
2752 2421 2951 2496 priora

764 2511 918 2560 ‘sunt
956 2507 1170 2573 aetate,
1225 2503 1290 2559 in
1332 2503 1461 2579 ipso
1496 2500 1649 2560 libro
1683 2505 2081 2579 posteriorem,
2127 2521 2279 2581 quae
2315 2504 2650 2580 posteriora,
2694 2505 2949 2580 priorem

766 2588 973 2647 locum
1010 2605 1185 2666 saepe
1230 2587 1514 2646 obtinent.
1591 2590 1693 2659 sic,
1740 2594 1806 2645 ut
1846 2607 2038 2665 pauca
2074 2588 2345 2666 exempla
2380 2587 2730 2661 adferamus,
2778 2609 2825 2647 c.
2861 2590 2951 2649 LI

762 2693 911 2732 cum
956 2675 1219 2731 omnium
1262 2678 1665 2750 poematorum
1710 2670 1786 2730 ad
1821 2673 2100 2731 Lesbiam
2135 2676 2527 2751 spectantium
2563 2677 2815 2751 primum
2853 2677 2947 2747 sit,

761 2778 825 2816 -c.
847 2758 943 2816 XI
970 2757 1180 2818 ultima
1211 2764 1421 2836 poetae
1445 2755 1525 2815 ad
1559 2776 1691 2816 eam
1717 2756 1998 2816 mandata
2025 2762 2302 2817 continet.
2366 2778 2414 2818 c.
2442 2759 2653 2818 XLVI
2681 2758 2949 2820 Catullus

768 2863 854 2904 ex
887 2843 1177 2921 Bithynia
1219 2841 1486 2901 abiturus
1523 2842 1831 2901 comitibus
1868 2842 2002 2902 vale
2047 2844 2207 2915 dicit,
2257 2863 2389 2903 cum
2424 2843 2677 2903 feliciter
2710 2843 2850 2903 inde
2884 2846 2949 2904 in

772 2930 1026 3008 patriam
1051 2947 1320 2988 reversus
1348 2947 1396 2986 c.
1413 2927 1640 2985 XXXI
1665 2927 1847 2987 larem
1876 2947 2045 2987 suum
2081 2929 2295 2988 salutet
2329 2937 2388 2987 et
2415 2948 2463 2987 c.
2482 2928 2573 2987 IV
2598 2929 2825 3007 phaseli
2844 2932 2950 3008 (1111

766 3034 910 3074 611111
962 3016 1287 3091 reportavit
1330 3014 1689 3072 celeritatem
1731 3012 2049 3090 praedicet.
2088 3034 2135 3072 c.
2173 3012 2381 3073 CXVI
2416 3012 2611 3074 Gellio
2657 3018 2949 3090 epigram-

758 3106 935 3158 mata
977 3101 1236 3157 minatur
1278 3117 1428 3176 quae
1473 3098 1832 3157 carminibus
1865 3097 2140 3158 LXXIV
2176 3098 2422 3156 LXXX
2455 3098 2948 3160 LXXXVHI—

772 3183 926 3243 XCI
961 3186 1351 3242 continentur.
1407 3201 1598 3260 neque
1634 3182 1822 3240 solum
1854 3182 2028 3242 rebus
2062 3183 2536 3263 temporibusque
2572 3184 2950 3244 cohaerentia

770 3267 1035 3338 divulsa,
1098 3286 1308 3326 verum
1366 3269 1547 3325 etiam
1607 3286 1751 3325 sono
1803 3267 1982 3344 longe
2034 3267 2347 3327 dissimilia
2399 3270 2568 3327 iuxta
2621 3267 2944 3343 conlocata,

762 3370 981 3412 ‘severa
1004 3351 1261 3423 lasciviS,
1298 3359 1503 3409 sancta
1527 3351 1957 3424 inverecundis,
1994 3354 2182 3411 tristia
2209 3352 2431 3424 hilaris,
2469 3353 2592 3412 alta
2624 3354 2947 3413 humilibus

774 3441 964 3495 mixta
998 3443 1151 3495 sunt.
1232 3435 1420 3495 veluti
1454 3436 1712 3495 flebilem
1747 3436 1821 3495 de
1854 3437 2108 3497 Lesbiae
2140 3437 2508 3517 turpitudine
2541 3442 2606 3497 in
2643 3459 2690 3498 c.
2728 3439 2947 3499 LVIII

756 3522 1198 3602 ‘querimoniam
1244 3521 1482 3580 obsceni
1525 3524 1592 3580 in
1636 3521 1857 3581 Rufum
1904 3523 2180 3581 versiculi
2226 3530 2519 3596 secuntur,
2565 3523 2947 3604 eiusdemque

756 3610 1005 3685 :generis
1025 3606 1381 3666 carminibus
1410 3606 1676 3665 sublimis
1705 3607 1782 3665 ad
1810 3606 2039 3665 Allium
2067 3608 2261 3683 elegia
2286 3611 2581 3687 utrimque
2605 3608 2947 3682 includitur,

756 3702 831 3753 ·61
875 3696 1240 3771 epigramma
1283 3690 1359 3749 ad
1397 3690 1650 3751 Calvum
1685 3694 1939 3750 amicum
1986 3692 2060 3751 de
2104 3700 2290 3751 morte
2336 3690 2663 3764 Quintiliae
2704 3696 2948 3753 tenerri-

758 3798 998 3837 ”morum
1033 3776 1346 3836 affectuum
1380 3775 1624 3855 plenum
1657 3778 2008 3854 inpuritates
2045 3779 2320 3836 carminis
2347 3776 2589 3837 XCVII
2617 3781 2943 3856 excipiunt.

769 3864 927 3922 hunc
977 3863 1161 3938 igitur
1211 3861 1479 3920 ordinem
1528 3868 1653 3919 tam
1706 3880 2046 3939 perversum
2093 3862 2166 3921 ab
2214 3864 2342 3941 ipso
2390 3870 2564 3940 poeta
2615 3864 2948 3941 profectum

754 3967 897 4006 -esse
940 3968 1061 4005 11011
1105 3955 1193 4006 est
1235 3945 1533 4020 credibile,
1579 3948 1696 4004 nisi
1738 3946 1889 4005 forte
1934 3949 2065 4026 quis
2101 3966 2235 4006 eum
2271 3951 2475 4006 statuit
2523 3967 2716 4006 rerum
2755 3947 2947 4009 diver-

754 4034 1130 4091 sissimarum
1166 4030 1500 4090 confusioni
1527 4031 1792 4090 consulto
1819 4031 2113 4091 studuisse
2138 4034 2415 4111 vitaeque
2442 4052 2584 4091 suae
2617 4037 2946 4110 imaginem

750 4137 892 4175 ·n0n
935 4124 1055 4174 tam
1103 4115 1454 4175 adumbrare
1494 4119 1661 4193 poesi
1705 4136 1812 4175 sua
1847 4137 2022 4195 quam
2058 4117 2370 4176 obscurare
2405 4116 2678 4177 voluisse.
2749 4137 2947 4197 neque

750 4221 909 4262 vero
947 4209 1147 4261 tantae
1179 4201 1639 4280 perturbationis
1670 4201 1845 4281 culpa
1878 4205 1944 4261 in
1971 4201 2243 4262 librarios
2280 4201 2533 4262 conferri
2565 4211 2772 4283 potest.
2824 4224 2953 4264 non
