3225 5171
784 795 854 849 15

784 2389 853 2444 10

785 2857 853 2911 15

1745 463 2082 521 CATULLI

1225 610 1373 654 nam
1410 608 1536 672 quo
1573 596 1855 674 tempore
1889 587 2043 671 legit
2076 586 2433 653 incohatam

1224 681 1537 767 Dindymi
1571 681 1915 756 dominam,
1952 703 2033 746 ex
2068 703 2143 746 eo
2179 682 2462 747 misellae

1227 777 1410 862 ignes
1444 776 1809 841 interiorem
1845 776 2041 840 edunt
2074 776 2437 841 medullam.

1224 870 1486 955 ignosco
1522 868 1659 946 tibi,
1699 868 2024 954 Sapphica
2056 870 2269 955 puella
2435 864 2438 868 ⁴

1225 987 1410 1030 musa
1444 962 1714 1028 doctior:
1762 976 1857 1028 est
1892 963 2058 1028 enim
2095 973 2359 1027 venuste

1225 1080 1462 1143 magna
1497 1054 1779 1122 Caecilio
1813 1056 2109 1122 incohata
2142 1067 2364 1122 mater.

2647 1323 2664 1338 ὲ,

2663 1345 2686 1370 Ἴ(

1663 1381 1668 1388 α
2611 1381 2618 1390 J.
2691 1373 2702 1384 ·.

2727 1397 2744 1408 ..,
2751 1405 2756 1410 ,

1734 1404 1957 1468 XXX
1971 1406 2005 1470 V
2023 1405 2077 1470 I.
2655 1443 2705 1468 „cn

2591 1485 2618 1500 ew

2633 1505 2661 1522 ·..·

1097 1525 1383 1591 Annales
1415 1523 1666 1601 Volusi,
1703 1535 1923 1589 cacata
1957 1523 2193 1602 charta,

1096 1630 1316 1683 votum
1351 1616 1575 1682 solvite
1609 1639 1726 1701 pro
1761 1641 1903 1682 mea
1936 1618 2169 1702 puella.

1096 1736 1247 1778 nam
1283 1720 1537 1777 sanctae
1570 1712 1812 1777 Veneri
1831 1709 2281 1797 ‘Cupidinique

1098 1806 1292 1882 vovit,
1330 1805 1383 1870 si
1418 1805 1540 1869 sibi
1575 1805 1902 1869 restitutus
1937 1829 2142 1870 essem

1096 1901 1527 1982 desissemque
1562 1910 1771 1963 truces
1809 1900 2056 1965 vibrare
2090 1899 2356 1975 iambos,

1095 1993 1476 2059 elect-issima
1509 1991 1767 2077 pessimi
1804 2005 2048 2077 poetae·
2197 1994 2204 2000 '

1096 2087 1330 2172 scripta
1364 2087 1673 2172 tardipedi
1712 2086 1832 2151 deo
1869 2087 2161 2150 daturam

1095 2180 1458 2246 infelicibus
1495 2174 1837 2244 ustulanda
1869 2180 2081 2265 lignis.

1098 2284 1162 2340 et
1195 2272 1315 2338 hoc
1351 2273 1626 2360 pessima
1664 2297 1730 2339 se
1766 2274 1980 2358 puella
2015 2272 2173 2337 vidit

1099 2368 1307 2433 iocose
1341 2367 1552 2452 lepide
1587 2389 1819 2432 vovere
1853 2367 2035 2432 divis.

1097 2484 1286 2538 nunc,
1324 2484 1362 2531 o
1399 2462 1692 2527 caeruleo
1729 2471 1941 2527 creata
1974 2471 2193 2547 ponto,

1095 2578 1260 2641 quae
1295 2565 1586 2621 sanctum
1622 2554 1895 2620 Idalium
1931 2558 1965 2637 †
1999 2555 2296 2639 uriosque
2335 2564 2585 2641 apertos

1097 2673 1390 2737 quaeque
1423 2652 1699 2715 Ancona
1737 2649 2143 2733 Cnidumque
2178 2650 2670 2715 harundinosam

1097 2746 1250 2812 colis
1287 2766 1578 2828 quaeque
1615 2745 2012 2808 Amathunta
2046 2765 2339 2827 quaeque
2376 2742 2617 2829 Golgos

1096 2860 1386 2924 quaeque
1422 2837 1852 2902 Durrachium
1889 2837 2172 2902 Hadriae
2208 2839 2550 2912 tabernam,

1096 2942 1426 3018 acceptum
1461 2931 1600 2997 face
1636 2930 2080 3014 redditumque
2116 2942 2356 3005 votum,

1097 3028 1152 3091 si
1186 3049 1314 3091 non
1349 3025 1698 3110 inlepidum
1735 3046 1942 3107 neque
1979 3024 2462 3089 invenustumst.

1097 3130 1164 3185 at
1196 3142 1311 3184 vos
1333 3118 1587 3183 'interea
1621 3118 1828 3183 venite
1863 3118 1927 3181 in
1964 3117 2201 3202 ignem,

1097 3212 1268 3300 pleni
1303 3212 1464 3277 ruris
1502 3223 1566 3276 et
1599 3204 2020 3276 inficetiarum·

1104 3307 1361 3371 annales
1395 3304 1647 3381 Volusi,
1686 3314 1904 3370 cacata
1939 3304 2176 3370 charta.

1715 3652 2090 3718 XXXVII.

1099 3772 1298 3839 Salax
1333 3772 1597 3837 taberna
1632 3792 1872 3855 vosque
1908 3773 2408 3849 contubernales,

1098 3890 1137 3931 a
1172 3866 1443 3952 pilleatis
1480 3886 1650 3930 nona
1683 3865 1984 3930 fratribus
2020 3864 2169 3952 pila,

1098 3962 1247 4026 solis
1284 3960 1520 4045 putatis
1556 3982 1696 4025 esse
1731 3961 2043 4025 mentulas
2081 3959 2282 4037 vobis,

1086 4054 1247 4119 solis
1281 4054 1470 4119 licere
1505 4054 1814 4138 quidquid
1851 4064 1946 4119 est
1980 4052 2333 4140 puellarum

1099 4147 1471 4214 confutuere
1507 4158 1570 4211 et
1603 4158 1827 4233 putare
1864 4159 2103 4213 ceteros
2138 4147 2384 4213 hircos?

1097 4265 1198 4319 an,
1237 4241 1631 4308 continenter
1665 4242 1836 4326 quod
1873 4238 2104 4317 sedetis
2138 4240 2361 4306 insulsi
