3225 5171
622 373 898 416 LXXXVIII
1489 371 1686 413 PROIAE
1692 371 1942 414 Gom-:NA

626 493 706 553 25
743 489 1089 565 recedimus,
1125 493 1189 550 in
1224 511 1339 570 quo
1376 491 1663 568 singulari
1697 511 1934 569 prorsus
1969 490 2210 549 licentia
2244 490 2535 570 spondeus
2570 494 2800 570 positus

627 585 715 637 est
749 597 854 655 pro
880 575 1132 653 dacty10.
1185 575 1293 636 sed
1314 575 1413 635 hic
1445 577 1858 653 pherecrateus
1883 596 2005 634 una
2032 596 2166 634 cum
2199 583 2324 634 tota
2350 577 2589 655 stropha
2616 597 2796 656 quam

631 661 854 722 claudit
897 667 1195 739 suspectus
1239 669 1344 720 est.
1416 661 1568 720 conf.
1616 661 1813 721 adnot.
1851 663 1974 720 crit.
2014 660 2092 719 ad
2123 681 2179 719 v.
2220 662 2506 719 21-25,
2578 661 2802 720 hende-

629 745 1062 825 casyllaborum
1114 764 1346 826 quoque
1391 766 1619 805 summa
1662 754 1750 805 est
1802 746 2112 823 elegantia,
2165 764 2275 804 nec
2317 748 2591 804 invenias
2636 746 2798 825 quod

627 835 756 891 iure
791 830 1101 909 displicere
1133 832 1318 909 possit
1350 839 1585 909 praeter
1621 833 1894 890 carminis
1916 831 2137 890 XXIV
2160 850 2395 890 versum
2435 833 2488 903 7,
2528 833 2695 889 cuius
2732 834 2800 889 in

627 917 807 976 finem
852 936 1010 975 nova
1052 917 1344 975 sententia
1387 914 1705 976 admodum
1750 916 1894 975 dure
1936 914 2160 975 incidit.
2230 936 2370 974 nam
2407 936 2454 974 c.
2490 916 2719 974 XXIII
2757 917 2794 972 3

628 1022 751 1060 11011
787 1000 1036 1060 eandem
1072 1000 1451 1060 offensionem
1485 1002 1681 1060 habet.
1736 1000 1893 1080 quod
1930 1010 2122 1060 autem
2159 1002 2223 1058 in
2247 1020 2367 1059 uno
2396 1003 2657 1059 carmine
2684 1000 2798 1059 LV

630 1086 904 1164 dactylus
939 1088 1172 1164 saepius
1207 1093 1536 1145 contractus
1582 1093 1671 1145 est
1711 1088 1777 1145 in
1811 1085 2151 1165 spondeum,
2196 1083 2260 1142 id
2294 1090 2625 1165 quaesitum
2661 1087 2796 1143 arti-

627 1172 830 1231 ficium
864 1190 990 1230 esse
1034 1190 1140 1249 per
1175 1190 1236 1231 se
1271 1170 1650 1246 intellegitur,
1697 1189 1806 1230 nec
1851 1190 2046 1230 errare
2079 1168 2358 1228 videntur
2391 1173 2495 1249 qui
2528 1189 2799 1229 numero·

630 1277 761 1316 rum
790 1258 875 1315 ita
893 1265 1020 1314 orta
1046 1255 1320 1315 tarditate
1339 1254 1640 1315 Catullum
1664 1255 1894 1315 labores
1926 1275 2059 1314 suos
2085 1259 2150 1313 in
2178 1254 2576 1334 conquirendo
2607 1256 2803 1314 amico

629 1342 943 1402 exhaustos
980 1342 1147 1419 quasi
1181 1344 1247 1399 in
1281 1359 1450 1400 aures
1483 1343 1797 1419 inpingere
1823 1341 2079 1400 voluisse
2105 1348 2383 1399 statuunt.
2438 1360 2799 1420 quamquam

627 1425 934 1486 fatendum
969 1433 1058 1484 est
1093 1428 1176 1484 sic
1212 1424 1501 1504 spondeos
1538 1428 1732 1503 aptius
1774 1430 1840 1484 in
1875 1427 2068 1504 priore
2101 1432 2268 1503 parte
2302 1428 2589 1503 poematis
2618 1445 2797 1505 quam

626 1515 692 1570 in
726 1512 1047 1590 posteriore
1083 1510 1382 1588 explicari.
1439 1518 1695 1569 ceterum
1722 1515 2004 1569 miramur
2029 1510 2186 1589 quod
2222 1513 2325 1589 qui
2359 1510 2514 1569 hanc
2540 1511 2799 1588 explica-

628 1598 849 1655 tionem
890 1594 1289 1674 probaverunt
1331 1595 1666 1655 maluerunt
1707 1598 1772 1654 in
1814 1596 1946 1656 basi
1980 1614 2183 1654 versus
2222 1596 2302 1652 10
2339 1594 2411 1654 de
2446 1597 2467 1653 i
2501 1595 2696 1655 littera
2729 1598 2796 1653 in

630 1688 1048 1740 consonantem
1085 1680 1293 1738 durata
1317 1683 1586 1761 ‚cogitare
1624 1701 1802 1761 quam
1835 1680 2194 1739 tribrachum
2233 1679 2607 1757 adgnoscere.
2677 1699 2799 1759 quo

627 1765 779 1845 pede
830 1785 965 1823 cum
1017 1765 1395 1823 vehementer
1446 1774 1735 1843 augeatur
1775 1784 1977 1825 versus
2021 1764 2381 1837 volubilitas,
2437 1764 2646 1844 quidni
2696 1765 2798 1822 hic

631 1852 986 1933 contrarium
1029 1850 1341 1908 artificium
1386 1850 1498 1909 hoc
1533 1851 1860 1910 adhibitum
1896 1869 2023 1909 esse
2057 1850 2405 1909 arbitremur
2438 1858 2504 1909 111
2544 1852 2799 1951 impetus

630 1956 667 1994 a
699 1942 876 2014 poeta
908 1937 973 1993 in
1007 1933 1234 2013 puellas
1265 1935 1379 1994 sibi
1406 1944 1776 1995 occurrentes
1800 1925 2036 1994 factus
2019 1956 2145 2014 ipso
2174 1954 2416 1994 numero
2445 1939 2799 2012 exprimere-

626 2019 766 2078 tur?
817 2027 1004 2078 totum
1048 2023 1267 2099 quippe
1311 2040 1548 2079 carmen
1592 2020 1756 2079 lusus
1798 2021 2199 2099 lasciviaeque
2242 2019 2482 2098 plenum
2519 2027 2621 2078 est.
2692 2018 2798 2079 sed

629 2113 696 2164 ut
729 2107 793 2164 in
827 2108 988 2163 viam
1021 2104 1345 2178 redeamuS,
1385 2098 1684 2165 Catullum
1720 2105 1818 2164 vel
1853 2108 2091 2164 summis
2127 2103 2577 2163 difficultatibus
2612 2104 2801 2164 felici-

627 2198 721 2250 ter
754 2189 1097 2268 superandis
1131 2210 1333 2268 parem
1360 2189 1542 2249 fuisse
1577 2190 1887 2266 galliambi
1914 2193 2189 2249 carminis
2215 2189 2433 2248 LXIII
2461 2189 2800 2248 admirabili

631 2283 757 2334 arte
790 2274 932 2333 facti
977 2275 1393 2333 demonstrant.
1464 2276 1674 2354 quodsi
1715 2277 1779 2334 in
1822 2275 2086 2336 versibus
2131 2275 2380 2333 heroicis
2416 2274 2799 2353 distichisque

632 2359 911 2435 elegiacis
965 2359 1266 2438 aliquanto
1320 2363 1606 2419 minorem
1655 2360 1860 2418 limam
1911 2359 2450 2432 animadvertimus,
2503 2380 2625 2418 non
2674 2367 2798 2417 tam

630 2449 789 2503 vires
851 2463 1027 2523 quam
1087 2444 1450 2503 voluntatem
1509 2455 1744 2522 poetam
1806 2444 2092 2503 defecisse
2151 2443 2607 2502 existimandum
2669 2446 2800 2503 erit.

633 2536 811 2609 atque
845 2529 1137 2606 Augustei
1170 2531 1445 2608 temporis
1479 2538 1701 2609 poetas,
1739 2533 1842 2609 qui
1875 2533 1991 2588 ista
2023 2538 2210 2589 metra
2238 2528 2316 2587 ad
2351 2550 2635 2588 summam
2670 2548 2799 2608 per-

632 2611 946 2675 sectionem
990 2612 1380 2687 adduxerunt,
1434 2618 1499 2673 in
1543 2635 1664 2674 non
1709 2614 1889 2673 nullis
1932 2616 2106 2674 rebus
2150 2622 2378 2674 constat
2421 2616 2517 2673 vel
2553 2614 2800 2674 Graecis

634 2703 954 2760 severiores
989 2699 1189 2758 fuisse.
1244 2707 1448 2758 contra
1477 2698 1762 2772 Catullus,
1802 2720 1933 2757 cum
1970 2702 2033 2758 in
2065 2700 2274 2758 horum
2309 2707 2433 2758 arte
2462 2699 2799 2778 adquiesce-

632 2793 738 2857 ret,
776 2784 936 2843 haud
970 2804 1160 2862 pauca
1194 2784 1309 2843 sibi
1343 2784 1508 2842 licita
1540 2788 1778 2863 putavit
1810 2803 1963 2863 quae
1998 2785 2130 2843 ideo
2160 2787 2527 2863 potissimum
2563 2784 2801 2843 duriora

634 2870 805 2929 nobis
847 2869 1126 2929 videntur
1167 2869 1326 2949 quod
1368 2870 1444 2929 ab
1487 2872 1920 2949 insequentium
1964 2878 2267 2947 poetarum
2301 2870 2644 2928 Latinorum
2683 2869 2799 2928 ele-

635 2958 842 3032 gantia
878 2955 1205 3014 abhorrent.
1277 2957 1376 3028 sic,
1413 2963 1479 3014 ut
1513 2955 1785 3033 exempla
1820 2954 2043 3034 aliquot
2077 2954 2427 3026 adferamuS,
2471 2955 2800 3013 hexametri

636 3042 762 3100 eius
815 3043 1047 3118 saepius
1102 3047 1300 3099 carent
1352 3048 1522 3116 grata
1572 3041 1789 3119 pedum
1832 3040 2239 3098 vicissitudine
2292 3042 2508 3118 quippe
2550 3043 2800 3098 nimium

635 3124 897 3204 pondere
940 3128 1165 3183 onerati
1209 3124 1617 3202 spondeorum.
1698 3133 1757 3183 et
1798 3124 1947 3183 illud
1991 3124 2228 3203 quidem
2272 3124 2429 3203 quod
2481 3124 2614 3202 plus
2658 3145 2801 3202 qua·

637 3210 915 3284 draginta
972 3228 1175 3267 versus
1237 3210 1393 3268 binis
1454 3209 1730 3286 spondeis
1789 3211 2178 3276 terminantur
2229 3208 2435 3268 doctae
2494 3217 2801 3287 poetarum

635 3292 1181 3353 Alexandrinorum
1222 3295 1537 3351 imitationi
1591 3293 1968 3353 tribuendum
2022 3314 2144 3353 esse
2191 3314 2368 3371 supra
2419 3293 2797 3354 ostendimus.

637 3396 841 3437 verum
876 3384 993 3437 tres
1028 3377 1235 3435 horum
1269 3397 1545 3436 versuum
1571 3378 1873 3456 dactylum
1908 3382 2147 3437 omnino
2176 3400 2296 3437 non
2330 3379 2552 3438 habent
2585 3381 2700 3436 nisi
2736 3382 2800 3437 in

635 3465 828 3542 prima
863 3461 1016 3521 sede.
1086 3462 1206 3520 vid.
1244 3482 1289 3521 c.
1317 3462 1527 3523 LXIV
1556 3464 1610 3520 3.
1633 3464 1731 3520 44.
1768 3464 2041 3523 LXVIII
2071 3466 2168 3523 87.
2223 3484 2341 3543 qua
2375 3465 2439 3521 in
2474 3483 2537 3522 re
2565 3462 2802 3523 Catullo

639 3550 896 3607 severior
954 3546 1068 3605 fuit
1125 3547 1224 3606 vel
1273 3548 1601 3621 LucretiuS,
1668 3567 1841 3626 quem
1899 3548 2164 3608 versibus
2226 3551 2289 3606 in
2340 3557 2457 3608 tres
2511 3548 2802 3627 spondeos

638 3632 994 3692 exeuntibus
1023 3632 1375 3692 abstinuisse
1401 3633 1820 3692 Lachmannus
1848 3632 2047 3692 docuit
2072 3636 2474 3693 commentarii
2508 3655 2564 3712 p.
2596 3634 2719 3691 150
2737 3654 2802 3706 s.,

636 3718 977 3798 eisdemque
1011 3718 1417 3778 abstinuerunt
1449 3719 1744 3795 Augustei
1778 3721 2053 3797 temporis
2087 3726 2296 3797 poetae
2329 3728 2562 3796 praeter
2594 3720 2802 3795 Vergi-

618 3803 782 3862 lium
819 3814 877 3863 et
913 3802 1210 3863 Ovidium.
1274 3802 1378 3862 sed
1415 3802 1686 3862 Catullus
1722 3804 1902 3862 semel
1938 3801 2084 3862 adeo
2119 3823 2352 3863 versum
2389 3823 2420 3861 e
2458 3804 2595 3862 solis
2631 3824 2802 3881 spon-

638 3888 766 3948 deis
803 3896 1165 3947 constantem
1203 3886 1456 3959 admisit,
1496 3909 1543 3947 0.
1582 3887 1788 3947 CXVI
1818 3890 1874 3962 3,
1912 3888 2069 3968 quod
2105 3896 2242 3947 ante
2278 3908 2411 3947 eum
2448 3888 2806 3968 aliquotiens

635 3974 858 4031 factum
896 3975 1109 4031 scimus
1147 3973 1221 4031 ab
1250 3973 1508 4032 Homero
1546 3982 1605 4032 et
1630 3973 1845 4032 Ennio.
1919 3981 2173 4033 ceterum
2208 3980 2399 4052 potest
2432 3975 2529 4032 hic
2566 3974 2806 4032 subesse

636 4057 822 4118 Gellii
866 4057 1209 4128 ludificatio,
1257 4057 1408 4116 conf.
1446 4058 1603 4136 quod
1641 4079 1817 4136 supra
1865 4079 1919 4136 p.
1956 4058 2166 4117 LXVI
2212 4059 2353 4116 dixi.
2423 4079 2595 4136 porro
2639 4061 2804 4117 inve-

627 4146 881 4202 niuntur
929 4162 1051 4200 non
1097 4142 1245 4201 nulli
1298 4142 1624 4202 hexametri
1677 4163 1923 4222 quorum
1979 4152 2219 4222 quartus
2280 4151 2508 4201 tantum
2556 4163 2663 4222 pes
2715 4151 2806 4202 est
