3225 5171
655 463 823 505 LXXII
1524 459 1979 503 PROLEGOMENA

654 590 784 643 erat
833 583 898 639 111
947 578 1101 639 81181.
1149 580 1273 638 crit.
1316 599 1374 656 p.
1422 580 1502 637 63
1547 581 1830 658 suspicio,
1891 581 2170 660 quoniam
2219 579 2652 658 proverbialem
2701 598 2836 639 eam

656 668 1012 727 locutionem
1072 663 1232 743 apud
1288 663 1733 723 Alexandrinos
1784 684 2019 744 quoque
2080 674 2282 743 poetas
2334 667 2653 725 occurrisse
2703 667 2833 725 veri

659 752 847 812 simile
890 758 996 810 est.
1063 757 1238 827 ’porro
1280 770 1403 809 non
1448 748 1782 809 dubitamus
1829 753 1975 829 quin
2021 749 2291 809 Catullus
2333 751 2398 809 in
2439 749 2681 828 phaselo
2726 769 2832 808 suo

660 843 1071 913 argumentum
1106 853 1182 894 ex
1218 834 1421 894 eodem
1458 837 1630 914 quasi
1663 834 1871 894 horreo
1906 839 2157 913 petitum
2201 833 2279 893 ad
2320 839 2683 913 propositum
2716 842 2833 892 tra-

659 922 911 981 duxerit.
986 926 1158 978 extat
1218 921 1375 979 enim
1433 923 1501 979 in
1562 919 1908 996 anthologia
1965 920 2242 979 Palatina
2298 920 2396 978 IX
2459 921 2578 977 131
2642 921 2834 996 ignoti

657 1008 910 1067 auctoris
945 1008 1311 1083 epigramma
1344 1025 1459 1083 quo
1502 1008 1676 1064 navis
1717 1007 2028 1083 pristinam
2065 1004 2467 1064 condicionem
2501 1024 2670 1063 suam
2714 1023 2832 1063 sor-

656 1101 893 1169 temque
930 1110 1176 1149 narrans
1211 1088 1525 1148 inducitur.
1588 1090 1750 1169 quod
1785 1093 1896 1149 etsi
1930 1090 2062 1150 fieri
2095 1099 2288 1168 potest
2321 1098 2388 1148 ut
2422 1097 2614 1150 aetate
2650 1088 2835 1148 multo

657 1176 937 1237 inferiore
972 1179 1253 1252 scriptum
1288 1178 1382 1247 sit,
1419 1183 1482 1233 at
1513 1178 1903 1252 posteriorum
1935 1183 2263 1253 temporum
2290 1175 2834 1252 epigrammatarios

659 1261 918 1322 Graecos
960 1268 1192 1318 tantum
1234 1280 1356 1318 non
1399 1278 1598 1319 omnes
1635 1259 2176 1318 Alexandrinorum
2220 1268 2523 1338 poetarum
2568 1261 2836 1335 vestigiis

660 1349 955 1424 ingressos
991 1364 1119 1404 esse
1153 1352 1398 1404 constat.
1471 1352 1649 1422 atque
1694 1353 1781 1403 est
1824 1364 1967 1404 sane
2004 1343 2341 1404 Catulliano
2386 1347 2630 1404 carmini
2673 1342 2844 1401 haud*

659 1431 943 1491 dissimile
980 1431 1382 1507 conpositione
1416 1428 1560 1488 illud
1600 1429 1675 1488 de
1711 1429 1938 1488 nautilo
1973 1431 2336 1508 epigramma
2364 1428 2715 1489 Callimachi
2743 1429 2835 1488 VI

659 1517 838 1577 Schn.
909 1534 1115 1573 verum
1140 1516 1299 1573 enim
1325 1523 1464 1573 ve‘ro
1492 1516 1556 1572 in
1591 1514 1912 1573 levioribus
1940 1516 2067 1574 istis
2102 1517 2427 1593 poematiis,
2465 1533 2618 1593 quae
2650 1515 2835 1572 maxi-

658 1622 814 1661 mam
847 1609 1075 1679 partem
1110 1598 1189 1657 ad
1221 1602 1490 1678 proprias
1534 1618 1628 1658 res
1665 1599 1886 1658 Catulli
1929 1603 2240 1678 pertinent,
2286 1601 2536 1659 imitatio
2571 1598 2835 1658 Alexan-

660 1687 849 1757 drina,
888 1692 956 1743 ut
987 1704 1096 1762 par
1130 1691 1233 1755 est,
1271 1686 1504 1762 saepius
1551 1684 1801 1761 singulis
1845 1687 2150 1744 sententiis
2193 1688 2490 1764 variisque
2533 1684 2741 1761 figuris
2777 1692 2836 1742 et

662 1771 859 1830 verbis
895 1789 1073 1848 quam
1108 1771 1399 1827 universis
1435 1772 1794 1845 argumentis
1840 1778 1944 1828 aut
1984 1778 2110 1828 tota
2154 1773 2571 1848 conpositionis
2606 1771 2838 1827 ratione

665 1857 938 1915 cernitur.
1007 1861 1186 1933 atque
1220 1853 1331 1913 hoc
1367 1854 1608 1932 quidem
1644 1856 1986 1913 imitationis
2030 1874 2217 1932 genus
2253 1857 2487 1914 omnino
2525 1855 2642 1913 late
2676 1861 2839 1932 patet

661 1960 773 2001 nec
807 1939 883 1998 ab
918 1938 1043 1999 ulla
1075 1943 1268 2018 poesis
1296 1938 1670 1998 Catullianae
1704 1948 1870 2017 parte
1896 1939 2155 2000 alienum
2191 1951 2293 1999 est.
2349 1939 2450 1999 sed
2487 1959 2593 2017 pro
2630 1939 2837 1998 horum

662 2026 1128 2105 prolegomenon
1163 2026 1454 2100 angustiis
1490 2026 1555 2083 in
1591 2023 1926 2084 adferendis
1961 2027 2164 2103 paucis
2190 2024 2475 2104 exemplis
2501 2024 2848 2101 insigniori-⁷

660 2113 773 2171 hus
826 2111 996 2169 nobis
1049 2109 1546 2188 adquiescendum
1611 2128 1739 2168 esse
1799 2112 2096 2169 sentimus.
2177 2113 2260 2169 sic
2320 2112 2386 2168 in
2445 2108 2836 2187 pulcherrimo

663 2197 921 2255 carmine
947 2196 1020 2266 V,
1058 2215 1174 2274 quo
1209 2202 1385 2271 poeta
1409 2195 1690 2252 Lesbiam
1725 2194 1804 2252 ad
1838 2214 2095 2254 amorem
2126 2193 2442 2254 fruendum
2476 2194 2836 2266 adhortatur,

664 2301 798 2340 cum
845 2278 989 2337 dicit
1032 2279 1211 2338 ‘soles
1255 2279 1521 2339 occidere
1566 2288 1626 2338 et
1668 2279 1861 2339 redire
1902 2286 2174 2357 possunt:
2229 2280 2436 2353 Nobis,
2482 2299 2614 2338 cum
2658 2278 2840 2338 semel

663 2364 880 2425 occidit
910 2363 1107 2423 brevis
1139 2363 1263 2436 lux,
1299 2364 1438 2422 Nox
1474 2372 1563 2422 est
1594 2373 1881 2443 perpetua
1912 2385 2035 2424 una
2070 2364 2458 2438 dormienda’,
2504 2364 2840 2439 generalem

664 2451 1032 2521 sententiam,
1088 2467 1240 2527 quae
1290 2456 1538 2508 naturae
1587 2469 1785 2508 rerum
1838 2457 1898 2508 et
1946 2450 2241 2509 humanae
2292 2452 2455 2508 vitae
2498 2448 2838 2508 diversitate

667 2536 1014 2607 continetur,
1067 2533 1303 2593 videtur
1355 2533 1430 2593 ab
1484 2552 1552 2593 eo
1606 2537 1712 2614 qui
1764 2553 2000 2595 carmen
2052 2537 2118 2595 in
2160 2535 2365 2594 Bionis
2408 2542 2654 2593 mortem
2705 2553 2839 2593 con-

665 2622 898 2700 scripsit
933 2618 1013 2694 (v.
1054 2617 1414 2695 101—106)
1451 2621 1577 2679 sive
1612 2620 1688 2678 ab
1725 2623 2055 2699 antiquiore
2090 2619 2289 2699 aliquo
2317 2628 2491 2699 poeta
2526 2640 2701 2698 quem
2736 2618 2839 2677 ille

665 2706 831 2765 hac
812 2727 876 2764 111
910 2713 1077 2783 parte
1112 2712 1343 2764 secutus
1378 2712 1505 2763 erat
1538 2713 1836 2763 mutuatus
1872 2724 2023 2779 esse3
2061 2704 2216 2765 sed
2198 2727 2263 2763 111
2298 2707 2606 2783 postremis
2640 2704 2840 2763 verbis

666 2792 856 2867 magis
901 2792 1079 2849 etiam
1122 2792 1412 2889 expressit
1453 2789 1829 2868 Asclepiadis
1871 2789 2021 2849 illud
2071 2784 2220 2866 μετά
2263 2809 2355 2849 τοι
2397 2785 2604 2867 χρόνον
2651 2782 2839 2847 οὐκέτι

667 2871 900 2947 πουλύν,
963 2869 1213 2951 Σχεῖτλιε,
1266 2868 1369 2951 τὴν
1423 2870 1658 2950 μακράν
1713 2868 1872 2934 νύκτ’
1938 2868 2410 2950 ἀνεπαυσάμεθα
2471 2871 2656 2949 (anth.
2710 2873 2839 2932 Pal.

666 2961 798 3019 XII
842 2957 966 3035 50),
1020 2959 1124 3019 ubi
1166 2963 1308 3020 item
1349 2962 1538 3020 noctis
1589 2962 1753 3019 notio
1805 2980 1913 3039 pro
1956 2962 2146 3019 somni
2198 2964 2391 3038 posita
2443 2968 2545 3019 est.
2625 2957 2840 3018 deinde

668 3067 717 3105 c.
772 3047 872 3104 III
927 3047 1005 3102 12
1061 3066 1192 3104 cum
1238 3045 1508 3105 Catullus
1560 3054 1854 3104 mortuum
1904 3064 2199 3124 passerem
2250 3045 2392 3104 illuc
2443 3047 2530 3104 ire
2580 3046 2845 3124 queritur

671 3130 857 3190 ‘unde
900 3139 1124 3207 negant
1165 3130 1356 3188 redire
1400 3131 1802 3231 quemquam’,
1854 3130 2014 3189 haud
2058 3130 2237 3190 dubie
2279 3130 2356 3189 ad
2398 3128 2846 3189 Alexandrinos

668 3217 1035 3292 potissimum
1070 3222 1272 3292 poetas
1306 3218 1581 3293 respexit,
1630 3218 1730 3293 qui
1767 3218 1999 3294 saepius
2034 3234 2163 3275 eam
2207 3217 2559 3275 sententiam
2593 3214 2846 3275 efferunt

670 3296 851 3375 (conf.
877 3301 941 3356 in
967 3300 1170 3376 primis
1190 3298 1439 3358 Theocr.
1458 3300 1648 3359 XVII
1679 3300 1801 3357 120
1826 3309 1885 3359 et
1901 3300 2114 3360 Philet.
2141 3301 2350 3377 fragm.
2371 3302 2411 3357 4
2430 3298 2796 3359 Schneidew.
2798 3295 2842 3372 ),

668 3387 850 3462 inque
886 3383 1146 3442 eiusdem
1180 3385 1461 3462 poematii
1493 3404 1671 3443 versu
1699 3386 1778 3442 14
1805 3384 1965 3464 quod
1983 3384 2123 3445 Orci
2147 3386 2421 3444 tenebras
2458 3386 2655 3443 omnia
2682 3382 2844 3442 bella

669 3468 954 3528 devorare
988 3471 1090 3542 ait,
1135 3468 1519 3547 probabiliter
1551 3470 1761 3528 Bionis
1795 3469 1947 3528 illud
1980 3471 2014 3529 I
2051 3471 2128 3529 55
2174 3464 2241 3529 τὸ
2287 3465 2348 3527 δὲ
2391 3472 2509 3527 πᾶν
2556 3461 2736 3527 καλὸν
2783 3464 2856 3535 ἐς·

669 3547 734 3611 σὲ
778 3559 1064 3630 καταρρεῖ
1098 3553 1172 3613 de
1206 3554 1564 3632 Proserpina
1605 3554 1828 3614 dictum
1869 3557 1927 3614 ei
1968 3555 2341 3615 obversatum
2384 3563 2488 3614 est.
2558 3554 2843 3612 hactenus

671 3637 747 3698 de
814 3641 1136 3698 sententiis.
1234 3642 1353 3698 iam
1422 3638 1498 3697 ad
1568 3639 1791 3717 figuras
1861 3642 2140 3699 orationis
2208 3641 2515 3699 transituri
2590 3641 2848 3718 primum

669 3723 1119 3803 ephymniorum
1153 3726 1281 3783 sive
1314 3743 1590 3783 versuum
1622 3725 2061 3785 intercalarium
2095 3746 2264 3784 usum
2299 3725 2635 3784 adferimus,
2704 3743 2848 3781 nam

668 3811 734 3867 in
777 3809 986 3886 epyllii
1031 3808 1106 3869 de
1149 3811 1371 3888 nuptiis
1413 3809 1583 3869 Pelei
1636 3819 1696 3869 et
1738 3810 2008 3869 Thetidis
2062 3829 2134 3870 ea
2183 3821 2350 3889 parte
2402 3829 2553 3889 quae
2606 3826 2847 3868 carmen

667 3894 990 3952 Parcarum
1027 3896 1289 3953 continet
1322 3893 1481 3974 quod
1517 3893 1788 3954 Catullus
1823 3915 2057 3954 versum
2090 3896 2249 3954 hunc
2287 3896 2529 3954 ‘currite
2565 3892 2848 3953 ducentes

669 3978 1058 4055 subtegmina,
1096 3981 1327 4051 currite,
1371 3978 1515 4038 fusi’
1554 3979 1910 4039 duodeciens
1944 3982 2042 4040 vel
2083 3980 2407 4040 tredeciens
2442 3981 2693 4057 repetiit,
2740 3977 2848 4037 du-

668 4063 834 4122 bium
885 4083 1013 4123 esse
1072 4085 1193 4123 non
1243 4072 1437 4143 potest
1486 4066 1634 4144 quin
1688 4065 2021 4144 exemplum
2080 4074 2387 4144 poetarum
2444 4064 2846 4123 bucolicorum

671 4156 902 4207 secutus
939 4151 1030 4208 sit.
1085 4155 1261 4229 atque
1297 4152 1571 4208 convenit
1607 4148 1943 4209 Catulliano
1981 4152 2225 4210 carmini
2260 4170 2393 4208 cum
2428 4151 2616 4228 primo
2652 4149 2846 4207 Theo-

666 4235 801 4293 criti
833 4233 1041 4314 idyllio
1078 4236 1256 4296 etiam
1289 4236 1353 4294 in
1382 4253 1450 4294 eo
1478 4232 1639 4313 quod
1664 4236 1937 4316 strophae
1972 4254 2145 4297 versu
2170 4233 2509 4295 intercalari
2537 4233 2852 4294 distinctae
