3225 5171
1213 478 1669 522 PROLEGOMBNA
2361 479 2532 519 XLVII

353 595 517 675 apud
553 594 853 656 Catullum
886 596 1276 657 restituendas
1322 615 1464 670 esse,
1509 597 1757 657 fortasse
1797 604 1971 669 recte,
2016 599 2358 675 praesertim
2393 616 2528 655 cum

355 701 405 740 c.
445 680 559 741 CX
595 684 630 741 6
679 691 738 741 et
784 682 930 742 CXI
980 688 1010 740 1
1063 683 1250 742 codex
1292 681 1650 742 Oxoniensis
1696 682 1919 760 duplex
1952 681 1975 739 l
2009 682 2299 741 exhibeat.
2369 681 2530 741 idem

355 786 404 825 c.
445 765 494 825 C
531 766 787 826 ostendit
822 767 1043 827 Catulli
1094 786 1349 827 amorem
1382 767 1702 826 Aufilenae
1743 769 1807 825 in
1849 775 2080 845 tempus
2122 766 2359 826 foedere
2402 770 2534 826 eius

355 870 490 910 cum
520 850 732 911 Clodia
764 854 1053 930 posterius
1085 852 1363 912 incidere.
1419 851 1625 911 Caelio
1662 854 1819 911 enim
1847 855 2072 911 amanti
2104 861 2280 930 poeta
2306 873 2362 910 v.
2393 854 2428 909 5
2452 872 2532 911 ss.

351 939 544 1012 magis
579 935 744 996 favet
776 945 1087 1017 propterea
1120 940 1261 1017 quia
1302 940 1353 996 is
1386 956 1592 996 verum
1629 956 1691 996 se
1727 939 1980 995 amicum
2013 938 2321 1015 praestitit,
2370 937 2530 997 ‘cum

353 1040 578 1081 vesana
589 1021 623 1095 ’,
650 1025 863 1102 inquit,
903 1023 1086 1081 ‘meas
1111 1029 1356 1082 torreret
1385 1022 1624 1081 flamma
1648 1022 1939 1081 medullas
1949 1020 1981 1094 ‘,
2020 1041 2173 1100 quae
2198 1021 2381 1082 verba
2407 1043 2533 1081 non.

351 1115 598 1185 possunt
623 1110 739 1166 nisi
765 1107 843 1166 ad
867 1107 1121 1167 Lesbiae
1147 1126 1404 1167 amorem
1429 1108 1653 1167 referri.
1708 1107 1860 1166 conf.
1888 1128 1946 1185 p.
1965 1107 2120 1166 XIV
2138 1115 2196 1165 et
2213 1128 2258 1165 c.
2277 1108 2402 1167 VII
2432 1108 2526 1165 10.

352 1193 555 1270 itaque
596 1195 705 1250 vix
747 1193 1095 1264 errabimus,
1149 1195 1200 1252 si
1238 1194 1357 1251 tria
1399 1194 1514 1251 ista
1566 1195 1829 1251 carmina
1871 1211 2025 1270 quae
2065 1191 2144 1250 ad
2184 1190 2534 1252 Aufilenam

355 1284 624 1353 spectant
676 1297 832 1336 anno
888 1272 1114 1356 699s55
1167 1277 1265 1337 vel
1311 1273 1537 1354 700s54
1593 1277 1991 1354 adsignamus.
2064 1276 2269 1335 eadem
2319 1276 2536 1336 mulier

353 1364 553 1420 nescio
589 1383 667 1420 an
702 1362 882 1422 fuerit
908 1370 1112 1421 contra
1137 1382 1315 1444 quam
1342 1361 1609 1422 Catullus
1635 1362 1957 1441 pugillaria
1991 1381 2100 1420 sua
2135 1362 2248 1421 sibi
2282 1361 2533 1422 reddere

353 1446 655 1506 nolentem
708 1468 756 1506 c.
807 1447 995 1506 XLII
1044 1447 1571 1525 hendecasyllabos
1624 1467 1759 1506 suos
1810 1456 2111 1526 tamquam
2163 1466 2340 1506 canes
2394 1468 2529 1507 con-

355 1539 547 1590 vocat.
617 1531 1109 1610 Transpadanam
1154 1536 1311 1592 enim
1364 1550 1497 1591 eam
1547 1531 1731 1592 fuisse
1772 1532 1916 1592 inde
1960 1551 2093 1590 cum
2145 1531 2347 1611 aliqua
2397 1553 2533 1611 pro·-

354 1614 663 1676 babilitate
699 1616 1015 1677 concludas
1051 1617 1210 1696 quod
1242 1637 1300 1675 v.
1339 1618 1375 1675 9
1415 1617 1624 1676 ‘catuli
1660 1636 1761 1677 ore
1797 1616 2122 1678 Gallicani’
2159 1616 2353 1677 ridere
2388 1616 2536 1677 dici-

352 1707 466 1759 tur.
537 1701 612 1761 de
647 1702 929 1762 Ametina
978 1710 1173 1761 autem
1216 1711 1276 1761 et
1314 1704 1449 1780 ipsa
1481 1701 1930 1780 Transpadana,
1977 1721 2131 1781 quae
2173 1703 2538 1761 carminibus

349 1788 571 1845 vicinis
603 1787 756 1846 XLI
790 1797 849 1847 et
879 1787 1102 1846 XLIII
1134 1790 1565 1866 perstringitur,
1610 1794 1811 1847 tamen
1846 1807 1981 1846 cum
2013 1786 2227 1846 Ellisio
2271 1791 2538 1864 cogitare

352 1871 543 1930 nolim
578 1873 652 1931 ob
687 1892 819 1932 eam
854 1893 1092 1932 causam
1126 1871 1285 1952 quod
1321 1892 1453 1931 cum
1487 1873 1598 1931 hac
1633 1873 1967 1931 Mamurrae
2002 1873 2194 1930 amica
2227 1892 2349 1931 non
2384 1873 2534 1931 mul·

353 1964 485 2015 tum
521 1961 757 2017 omnino
792 1966 970 2038 poeta
1001 1961 1248 2017 rationis
1284 1957 1561 2017 habuisse
1595 1957 1847 2029 videtur,
1886 1975 2071 2034 eaque
2115 1963 2371 2015 scortum
2406 1965 2535 2016 erat

354 2043 546 2120 pretio
582 2046 692 2102 etsi
725 2064 942 2120 magno
977 2042 1402 2102 redimendum.
1471 2040 1814 2101 Aufilenam
1851 2049 2070 2112 contra,
2106 2040 2429 2114 mulierem,
2465 2050 2540 2102 ut

352 2125 637 2200 vidimus,
681 2131 810 2187 viro
854 2136 1127 2207 nuptam,
1180 2146 1302 2185 non
1343 2125 1542 2204 palam
1584 2144 1713 2185 sese
1756 2129 1820 2186 in
1854 2127 2185 2185 meretricia
2225 2127 2353 2185 vita
2394 2147 2536 2185 con·

353 2211 579 2272 locasse
614 2233 747 2272 cum
781 2232 887 2291 per
923 2231 986 2271 se
1019 2211 1397 2286 intellegitur,
1433 2219 1560 2269 tum
1597 2212 1874 2270 carminis
1901 2209 2016 2269 CX
2040 2229 2246 2269 versus
2282 2214 2533 2270 extremi

348 2297 724 2369 confirmant,
771 2305 977 2375 estque
1007 2298 1138 2354 veri
1182 2294 1373 2368 simile
1414 2294 1617 2374 paullo
1661 2297 1941 2355 maiorem
1977 2294 2213 2367 Catullo
2249 2315 2382 2355 cum
2417 2296 2536 2356 hac

349 2401 527 2439 usum
562 2383 976 2454 intercessisse,
1023 2381 1304 2459 quoniam
1339 2399 1516 2459 saepe
1559 2399 1623 2440 se
1667 2399 1911 2440 munera
1945 2383 2001 2440 ei
2035 2379 2314 2441 detulisse
2349 2384 2530 2458 signi-

351 2466 496 2524 ficat
522 2462 664 2539 (CX
689 2463 773 2541 4).
826 2468 1028 2545 itaque
1054 2474 1288 2544 poetam
1313 2465 1632 2545 aliquando
1670 2466 1973 2526 codicillos
2001 2464 2160 2544 apud
2184 2466 2530 2526 Aufilenam

349 2550 676 2632 reliquisse,
715 2571 862 2631 quos
898 2569 970 2611 ea
1001 2549 1310 2631 postmodo
1337 2550 1636 2628 flagitanti
1660 2550 1906 2613 reddere
1930 2552 2244 2624 recusavit,
2280 2551 2534 2613 fortasse

353 2639 496 2716 quia
528 2637 850 2697 versiculos
886 2636 1268 2697 continebant
1301 2636 1638 2696 inlaudem
1671 2637 1906 2716 puellae
1940 2638 2203 2713 scriptoS,
2240 2636 2415 2697 facile
2450 2637 2528 2696 ad

354 2722 713 2782 credendum
755 2730 858 2782 est.
930 2721 1186 2801 denique
1222 2742 1258 2780 a
1292 2720 1411 2781 fide
1454 2743 1576 2781 non
1621 2722 1896 2783 abhorret
1930 2721 2089 2801 quod
2122 2721 2535 2799 Westphalius

349 2827 410 2886 p.
440 2808 556 2865 181
599 2810 928 2887 suspicatus
958 2816 1045 2867 est
1068 2810 1429 2885 municipem
1454 2810 1634 2874 istum
1661 2806 1883 2866 Catulli
1908 2809 1974 2865 in
2002 2826 2049 2864 c.
2074 2806 2265 2865 XVII
2290 2815 2533 2884 propter

355 2894 665 2969 segnitiem
700 2913 868 2952 suam
903 2900 962 2953 et
993 2894 1197 2952 uxoris
1233 2899 1424 2952 aetate
1460 2892 1768 2971 formaque
1800 2891 2063 2950 florentis
2097 2889 2532 2966 neglectionem

351 2977 609 3036 ludibrio
638 2978 904 3037 habitum
930 2981 1206 3036 maritum
1233 2977 1493 3037 eiusdem
1520 2976 1782 3036 mulieris
1806 2975 2005 3034 fuisse.
2059 2975 2218 3053 quod
2244 2978 2294 3033 si
2322 2994 2532 3038 verum

352 3070 458 3134 est,
494 3062 608 3121 hoc
641 3066 998 3140 poematium
1031 3062 1254 3122 factum
1290 3080 1418 3121 esse
1451 3061 1700 3140 adparet
1733 3069 1871 3119 ante
1905 3081 2079 3140 quam
2110 3058 2377 3119 Catullus
2401 3060 2527 3119 Au-

352 3145 597 3204 filenam
632 3146 949 3206 sollicitare
980 3150 1286 3226 inciperet.
1313 3176 1399 3187 —-
1424 3164 1518 3205 res
1552 3149 1696 3205 item
1722 3146 2092 3206 Veronenses
2120 3152 2180 3204 et
2203 3146 2532 3207 Brixianae

352 3252 402 3291 c.
440 3230 687 3290 LXVII
732 3238 1072 3306 tanguntur.
1139 3236 1207 3290 in
1252 3250 1368 3311 quo
1405 3234 1507 3310 qui
1551 3232 1932 3290 nominantur
1974 3239 2077 3289 aut
2119 3230 2536 3307 significantur

352 3316 622 3374 homines
662 3316 1074 3394 provinciales,
1118 3317 1215 3375 illi
1249 3314 1487 3395 quidem
1529 3317 1701 3377 nobis
1744 3315 1923 3395 plane
1947 3319 2160 3393 ,ignoti
2201 3324 2352 3374 sunt.
2422 3315 2528 3375 sed

349 3404 667 3459 universae
700 3404 989 3477 poematis
1022 3404 1280 3459 rationes
1315 3421 1436 3460 non
1469 3408 1608 3460 sunt
1646 3409 1771 3460 tam
1818 3402 2098 3460 obscurae
2132 3420 2311 3480 quam
2344 3401 2532 3478 vulgo

349 3493 651 3564 putantur,
697 3495 973 3564 recteque
1008 3503 1106 3545 eas
1148 3486 1296 3544 mihi
1338 3485 1573 3545 videtur
1616 3487 1945 3564 explicasse
1978 3487 2193 3545 Munro
2235 3506 2292 3563 p.
2333 3488 2455 3544 160
2483 3507 2525 3545 s.

353 3571 723 3649 conloquitur
752 3569 1019 3630 Catullus
1054 3574 1119 3629 in
1146 3570 1256 3630 hoc
1285 3574 1542 3631 carmine
1569 3592 1704 3630 cum
1728 3575 1912 3630 ianua
1937 3570 2141 3629 domus
2168 3571 2534 3630 Veronensis

353 3655 511 3728 olim,
567 3655 707 3715 dum
754 3676 790 3715 a
834 3654 1094 3715 Caecilio
1138 3655 1327 3714 Balbo
1371 3660 1594 3715 maiore
1635 3655 2032 3727 habitabatur,
2077 3654 2376 3727 honestae,
2422 3654 2529 3713 sed

353 3759 506 3820 quae
547 3749 775 3800 mortuo
819 3741 940 3813 illo,
995 3761 1127 3799 cum
1173 3740 1467 3800 Caecilius
1510 3740 1737 3799 Balbus
1781 3740 1939 3799 filius
1981 3743 2049 3797 in
2090 3742 2533 3798 matrimonium

350 3829 572 3899 ivisset,
624 3825 981 3905 inpudicitia
1030 3845 1223 3886 novae
1264 3829 1467 3885 uxoris
1511 3825 1740 3904 polluta
1783 3831 1950 3884 esset.
2022 3843 2094 3883 ea
2136 3824 2361 3897 mulier,
2417 3828 2528 3885 etsi

350 3914 472 3969 iam
508 3919 646 3971 ante
670 3912 914 3971 Brixiae
939 3914 1068 3971 viro
1103 3910 1299 3970 fuerat
1331 3918 1534 3988 nupta,
1573 3920 1774 3969 tamen
1807 3913 1977 3986 virgo
2013 3908 2250 3968 domum
2278 3908 2528 3969 Caecilii

347 3998 601 4055 intrasse
644 3996 957 4070 ferebatur,
1002 4016 1134 4055 cum
1169 3999 1329 4075 prior
1373 3996 1498 4055 eius
1540 3998 1784 4054 maritus
1828 4000 2066 4073 propter
2105 3998 2379 4054 inertiam
2425 4003 2531 4054 aut

348 4080 752 4141 infirmitatem
789 4084 1045 4159 corporis
1088 4084 1525 4141 matrimonium
1569 4101 1693 4140 non
1736 4098 2168 4139 consummasse
2209 4079 2530 4140 videretur.

338 4183 556 4224 verum
597 4174 764 4243 pater
807 4170 1074 4243 coniugis
1116 4167 1276 4226 illius
1320 4166 1622 4237 Brixiani,
1675 4168 1763 4224 ita
1805 4173 2008 4225 narrat
2029 4167 2255 4238 ¹ianua,
2312 4187 2526 4224 nurum

332 4270 519 4310 -suam
554 4258 920 4330 stupraverat
955 4255 1080 4311 sive
1120 4255 1287 4331 inpio
1325 4270 1522 4312 amore
1565 4252 1828 4329 flagrans
1864 4270 1968 4312 seu
2002 4254 2141 4331 quia
2176 4250 2362 4311 sterili
2401 4251 2528 4309 filio
