3225 5171
746 1015 850 1070 130

753 1560 857 1616 135

763 2108 868 2162 140

773 2655 876 2709 145

781 3200 884 3254 150

788 3747 894 3800 155

799 4298 906 4353 160

1729 483 2069 540 CATULLI

1300 637 1380 680 ne
1418 611 1527 676 diu
1563 618 1771 675 taceat
1812 628 2048 692 procax

1430 703 1795 778 fescennina
1831 699 2080 776 iocati0,

1429 822 1548 865 nec
1582 819 1777 862 nuces
1814 794 2025 880 pueris
2061 801 2254 875 neget

1309 897 1629 961 desertum
1674 888 1913 966 domini
1958 887 2218 951 audiens

1436 985 1827 1053 concubinus
1864 1002 2164 1046 amorem.

1312 1160 1394 1224 (la
1428 1179 1626 1222 nuces
1662 1153 1895 1239 pueris,
1932 1151 2099 1215 iners

1440 1248 1820 1316 concubine:
1868 1244 2019 1309 satis
2057 1242 2166 1305 diu

1442 1344 1648 1410 lusisti
1682 1340 1983 1405 nucibus:
2029 1338 2205 1401 lubet

1315 1443 1443 1507 iam
1479 1438 1714 1504 servire
1750 1434 2027 1498 TalasiO.

1443 1530 1815 1606 concubine,
1852 1548 2048 1591 nuces
2084 1524 2185 1587 da.

1323 1705 1665 1771 sordebant
1700 1701 1815 1765 tibi
1851 1697 2094 1771 vilicae,

1450 1795 1823 1869 concubine,
1858 1790 2046 1855 hodie
2083 1797 2273 1868 atque
2309 1783 2476 1849 heri:

1449 1912 1620 1955 nunc
1655 1900 1835 1953 tuum
1874 1882 2216 1950 cinerarius

1325 1985 1544 2052 tondet
1579 2006 1670 2047 os.
1760 1980 1949 2044 miser
1985 2000 2023 2040 a
2057 1974 2249 2038 miser

1457 2075 1832 2151 concubine,
1870 2093 2064 2136 nuces
2101 2068 2202 2131 da.

1330 2251 1555 2317 diceris
1591 2248 1757 2312 male
1800 2255 1861 2308 te
1899 2266 1936 2306 a
1969 2239 2095 2304 tuis

1461 2350 1854 2427 unguentate
1890 2332 2127 2421 glabris
2162 2328 2388 2394 marite

1460 2436 1804 2502 abstinere:
1844 2430 1957 2496 sed
1992 2425 2258 2504 abstine.

1336 2556 1373 2599 o
1409 2534 1669 2617 Hymen
1707 2528 2080 2610 Hymenaee
2117 2520 2196 2597 io,

1462 2649 1499 2690 o
1535 2626 1796 2708 Hymen
1831 2621 2227 2703 Hymenaee.

1339 2794 1766 2866 scimushaec
1802 2789 1915 2854 tibi
1952 2808 2116 2870 quae
2150 2783 2345 2847 licent

1467 2890 1602 2955 sola
1638 2884 1921 2970 cognita:
1968 2880 2081 2957 sed
2111 2876 2341 2955 ‚marito
2389 2946 2396 2951 ι

1469 2985 1590 3048 ista
1624 2984 1752 3044 non
1792 2976 2010 3041 eadem
2047 2973 2257 3037 licent.

1255 3100 1259 3104 ·
1342 3103 1380 3145 o
1414 3081 1676 3162 Hymen
1710 3068 2087 3156 Hymenaee
2123 3065 2205 3139 io,

1471 3193 1508 3235 o
1543 3171 1806 3253 Hymen
1843 3167 2235 3248 Hymenaee.

1346 3352 1564 3427 nupta,
1604 3349 1674 3402 tu
1710 3355 1989 3420 quoque,
2027 3349 2190 3412 quae
2224 3336 2374 3389 tuus

1476 3434 1572 3499 vir
1607 3441 1802 3518 petet,
1840 3447 1995 3491 cave
2030 3446 2110 3487 ne
2144 3441 2366 3505 neges,

1478 3529 1543 3593 ni
1577 3526 1842 3612 petitum
1881 3517 2133 3585 aliunde
2170 3524 2290 3578 eat.

1351 3649 1389 3691 o
1424 3626 1687 3708 Hymen
1719 3618 2095 3701 Hymenaee
2129 3609 2212 3683 i0‚

1482 3740 1519 3781 o
1556 3716 1817 3798 Hymen
1853 3710 2247 3792 Hymenaee.

1357 3922 1436 3964 en
1473 3895 1587 3959 tibi
1625 3893 1850 3955 domus
1888 3897 1958 3950 ut
1990 3893 2216 3968 potens

1486 3999 1550 4053 et
1585 3986 1773 4049 beata.
1806 3980 1925 4044 viri
1960 3977 2081 4040 tui:

1490 4102 1655 4162 quae
1692 4075 1807 4141 tibi
1844 4073 1976 4137 sine
2014 4066 2246 4133 serviat

1363 4181 1426 4257 (o
1460 4177 1723 4258 Hymen
1757 4170 2133 4252 Hymenaee
2170 4161 2251 4234 io,

1492 4289 1529 4331 o
1568 4268 1824 4350 Hymen
1866 4254 2286 4343 Hymenaee),
