3225 5171
781 469 928 512 XCIV
1651 466 1847 507 PROLE
1853 465 2101 508 GOMENA

784 590 1088 667 promittit.
1142 605 1289 665 quos
1324 584 1484 644 locos
1511 587 1617 664 qui
1644 584 1968 645 secundum
1993 587 2284 644 rationem
2312 586 2454 645 artis
2488 586 2959 646 hermeneuticae

787 674 1233 743 examinaverit,
1282 691 1402 729 non
1446 673 1662 748 poterit
1705 673 1850 749 quin
1892 672 2147 749 passeris
2192 672 2433 729 nomine
2474 670 2745 730 libellum
2781 690 2960 750 quen-

788 758 924 817 dam
968 764 1178 835 poetae
1211 756 1574 815 Veronensis
1618 755 1872 814 indicari
1915 754 2254 832 adgnoscat.
2340 775 2411 813 ac
2452 757 2707 835 priorem
2753 755 2961 814 horum

785 842 1049 902 locorum
1095 843 1182 900 ita
1225 839 1732 918 interpretandum
1783 858 1911 899 esse
1955 840 2265 918 conplures
2308 848 2484 899 antea
2525 840 2962 913 intellexerant,

786 927 973 987 veluti
1009 925 1310 986 Gerardus
1346 926 1602 984 Ioannes
1638 925 1884 985 Vossius
1931 924 2005 985 de
2038 927 2226 1004 poetis
2261 924 2496 983 Latinis
2533 945 2659 1004 cap.
2695 925 2746 997 I,
2781 926 2961 985 Leut-
3061 938 3064 941 ’

787 1012 983 1071 schius
1011 1010 1214 1089 philol.
1232 1011 1312 1083 X,
1332 1031 1388 1089 p.
1411 1011 1552 1082 735,
1581 1010 1702 1082 alii,
1731 1012 1846 1068 nisi
1871 1009 2032 1088 quod
2058 1013 2169 1069 toti
2195 1012 2521 1069 carminum
2549 1013 2778 1089 corpori
2803 1009 2963 1091 quod

786 1105 951 1157 extat
992 1095 1144 1154 illud
1188 1115 1404 1154 nomen
1439 1095 1622 1153 fuisse
1658 1095 2111 1154 arbitrabantur.
2182 1114 2389 1154 verum
2424 1093 2669 1173 adparet
2703 1116 2824 1154 non
2859 1116 2962 1174 po·

784 1186 968 1241 tuisse
1003 1184 1087 1241 sic
1123 1182 1240 1240 nisi
1275 1200 1410 1239 eum
1452 1180 1671 1239 librum
1708 1180 1996 1258 adpellari
2036 1183 2102 1238 in
2137 1199 2254 1258 quo
2291 1199 2527 1240 carmen
2562 1201 2722 1239 nunc
2756 1199 2963 1240 secun-

786 1267 944 1341 dum,
991 1265 1152 1345 quod
1187 1286 1223 1324 a
1265 1266 1462 1324 verbis
1509 1265 1523 1292 ‘
1534 1284 1752 1343 passer,
1798 1264 2049 1324 deliciae
2082 1283 2251 1324 meae
2286 1265 2545 1343 puellae’
2582 1267 2806 1344 incipit,
2843 1266 2964 1343 pri·

783 1373 945 1412 mum
988 1352 1184 1410 locum
1220 1350 1526 1409 obtineret.
1596 1352 1813 1429 quippe
1850 1349 2212 1409 consuetudo
2250 1358 2376 1409 erat
2417 1358 2684 1409 veterum
2718 1357 2785 1409 ut
2818 1358 2966 1409 nota

784 1457 961 1515 opera
1006 1438 1379 1514 maximeque
1420 1444 1728 1512 poetarum
1764 1434 1837 1494 ab
1881 1439 2009 1513 ipso
2046 1454 2248 1494 eorum
2283 1434 2525 1494 exordio
2562 1435 2963 1511 designarent,

783 1523 970 1582 veluti
1013 1520 1171 1580 idem
1211 1520 1506 1578 Martialis
1539 1519 1814 1579 Aeneida
1846 1519 2102 1595 Vergilii
2143 1520 2341 1579 verbis
2388 1520 2578 1579 ‘arma
2620 1520 2962 1600 virumque'

784 1607 1145 1684 significavit
1187 1607 1252 1664 in
1297 1604 1455 1664 VIII
1493 1605 1571 1663 56
1614 1606 1691 1662 19
1738 1613 1797 1664 et
1837 1606 1993 1665 XIV
2034 1604 2151 1664 185
2193 1606 2248 1677 2,
2304 1606 2469 1664 cuius
2512 1607 2599 1664 rei
2641 1604 2815 1683 plura
2859 1625 2960 1665 ex-

784 1692 980 1770 empla
1024 1690 1222 1750 attulit
1265 1688 1336 1749 O.
1372 1689 1622 1748 Iahnius
1666 1689 1744 1749 ad
1776 1685 2049 1749 Persium
2090 1710 2147 1768 p.
2189 1691 2308 1748 103
2330 1709 2373 1748 s.
2445 1690 2587 1749 hinc
2621 1690 2965 1766 colligimus

785 1797 919 1837 cum
945 1778 1210 1835 Brunero
1238 1796 1423 1834 unum
1457 1774 1725 1834 libellum
1754 1773 1977 1834 Catulli
2011 1774 2192 1833 fuisse
2219 1777 2321 1854 qui
2356 1794 2393 1833 a
2425 1777 2608 1853 priori
2636 1778 2963 1834 carminum

785 1863 860 1921 de
904 1880 1141 1941 passere
1176 1860 1446 1930 Lesbiae,
1493 1861 1677 1918 alium
1721 1862 1823 1939 qui
1866 1880 1903 1917 a
1948 1862 2205 1918 carmine
2250 1859 2329 1917 ad
2364 1859 2705 1919 Cornelium
2740 1862 2963 1938 scripto

781 1949 1020 2007 initium
1065 1952 1335 2005 sumeret.
1407 1944 1632 2003 dictum
1677 1954 1765 2004 est
1806 1944 2046 2024 quidem
2081 1952 2140 2003 et
2184 1944 2325 2003 olim
2360 1952 2420 2003 et
2463 1965 2653 2024 nuper
2685 1965 2887 2003 rursus
2922 1965 2965 2004 a

783 2032 1059 2092 Schulzio
1094 2030 1132 2089 1.
1163 2050 1210 2090 c.
1246 2051 1304 2109 p.
1336 2031 1456 2088 206
1492 2032 1850 2108 poematium
1883 2029 1997 2089 hoc
2031 2032 2338 2108 posterius,
2375 2051 2505 2089 cum
2544 2038 2697 2089 esset
2728 2030 2962 2108 praefa-

781 2121 960 2177 tionis
1011 2116 1158 2188 locO,
1215 2122 1385 2174 extra
1437 2115 1705 2174 ordinem
1758 2133 1883 2174 esse
1934 2113 2389 2193 Martialemque
2438 2114 2629 2175 libelli
2681 2114 2962 2176 Cornelio

785 2201 967 2260 dicati
1010 2200 1466 2279 adpellationem
1508 2200 1584 2259 ab
1629 2202 1799 2259 initio
1847 2202 1971 2258 eius
2016 2201 2292 2258 carminis
2337 2198 2497 2279 quod
2530 2218 2671 2259 vere
2703 2203 2960 2278 primum

784 2293 937 2363 esset
985 2288 1170 2363 ipsius
1221 2289 1478 2364 corporis
1530 2287 1887 2364 repetivisse.
1977 2304 2130 2365 quae
2181 2284 2419 2364 quidem
2472 2289 2767 2344 sententia
2813 2284 2959 2345 inde

782 2371 976 2431 videri
1009 2377 1200 2449 potest
1233 2369 1462 2450 aliquid
1494 2370 1775 2450 praesidii
1809 2370 2028 2429 habere
2062 2369 2221 2449 quod
2247 2369 2516 2430 Catullus
2551 2372 2617 2428 in
2649 2369 2959 2429 versiculis

785 2456 863 2515 ad
898 2454 1241 2514 Cornelium
1274 2457 1362 2513 ita
1396 2454 1471 2513 de
1503 2454 1703 2515 libello
1738 2454 1828 2512 illi
1856 2454 2131 2513 donando
2166 2454 2439 2534 loquitur,
2476 2456 2647 2533 quasi
2678 2455 2958 2514 volumen

784 2562 899 2622 quo
943 2540 1207 2601 inclusus
1253 2546 1342 2600 est
1382 2541 1503 2599 iam
1545 2547 1817 2620 paratum
1859 2542 1925 2600 in
1968 2540 2241 2600 manibus
2283 2547 2499 2613 teneat,
2545 2542 2763 2621 quippe
2798 2538 2958 2620 quod

783 2627 1048 2707 lepidum
1092 2634 1150 2686 et
1193 2646 1414 2685 novum
1467 2634 1527 2685 et
1576 2625 1753 2684 modo
1794 2628 2030 2703 pumice
2082 2625 2407 2704 expolitum
2453 2625 2627 2685 dicat.
2714 2633 2777 2685 at
2828 2644 2958 2685 eam

782 2714 1081 2773 fictionem
1116 2714 1407 2789 poeticam
1435 2728 1561 2769 esse
1595 2710 1774 2769 facile
1798 2712 2202 2791 unusquisque
2227 2714 2455 2770 sentiet.
2510 2710 2615 2771 sed
2639 2711 2737 2769 fac
2760 2714 2957 2789 ipsum

779 2805 1018 2877 poetam
1069 2796 1500 2856 dedicationem
1553 2798 1619 2854 in
1670 2798 1949 2855 interiore
2001 2804 2167 2874 parte
2218 2796 2598 2855 membranae
2643 2815 2797 2876 quae
2848 2816 2958 2875 pro

781 2884 1085 2942 involucro
1120 2881 1410 2940 volumini
1446 2888 1572 2940 erat
1593 2882 1978 2959 inscripsisse,
2016 2880 2176 2960 quod
2204 2882 2501 2941 veteribus
2536 2883 2602 2940 in
2625 2901 2738 2939 usu
2772 2880 2957 2939 fuisse

783 2968 1031 3029 Gabriel
1054 2967 1404 3043 Peignotius
1437 2969 1504 3025 in
1531 2965 1938 3025 dissertatione
1974 2965 2099 3024 ‘sur
2132 2966 2193 3024 la
2226 2967 2441 3025 reliure
2477 2965 2579 3025 des
2604 2965 2783 3025 livres
2812 2965 2955 3025 chez

782 3053 867 3113 les
896 3052 1161 3111 anciens’
1199 3072 1256 3129 p.
1277 3051 1357 3109 53
1378 3071 1422 3111 S.
1452 3049 1782 3110 contendit:
1819 3070 1950 3110 eam
1979 3051 2479 3123 consuetudinem,
2518 3053 2570 3110 si
2604 3071 2723 3130 qua
2757 3049 2953 3123 fuerit,

781 3140 888 3195 vix
922 3140 987 3196 in
1021 3137 1329 3213 descriptis
1366 3136 1801 3214 exemplaribus
1836 3143 2127 3195 retentam
2164 3155 2290 3195 esse
2325 3138 2593 3195 Brunero
2632 3135 2955 3196 conceden-

784 3222 925 3281 dum
962 3223 1089 3281 erit.
1143 3219 1328 3279 multo
1356 3228 1550 3280 autem
1583 3225 1824 3297 gravius
1860 3221 1970 3280 hoc
1998 3228 2102 3294 est,
2141 3220 2299 3300 quod
2325 3220 2484 3280 idem
2508 3223 2628 3279 iam
2655 3222 2955 3281 Brunerus

784 3306 1107 3378 adnotavit,
1161 3303 1320 3384 quod
1360 3305 1655 3363 Martialis
1698 3324 1993 3383 passerem
2035 3326 2072 3364 a
2117 3305 2351 3365 Catullo
2397 3305 2645 3365 fortasse
2687 3305 2960 3382 Vergilio¹

783 3393 1029 3450 missum
1054 3408 1183 3449 esse
1215 3388 1379 3449 nullo
1406 3388 1580 3448 modo
1606 3393 1801 3468 potuit
1820 3391 2061 3467 fingere,
2098 3392 2149 3449 si
2174 3393 2344 3450 initio
2372 3393 2499 3450 eius
2526 3390 2665 3450 libri
2694 3392 2959 3449 omnium

784 3476 971 3538 oculis
1025 3474 1288 3535 Cornelii
1346 3494 1565 3535 nomen
1626 3494 1691 3534 se
1750 3476 2071 3535 obtulisset.
2159 3477 2337 3534 immo
2397 3476 2510 3534 hoc
2562 3482 2957 3535 commentum

780 3570 992 3643 poetae
1041 3560 1379 3619 Bilbilitani
1432 3558 1783 3620 documento
1839 3568 1926 3620 est
1984 3579 2281 3639 passerem
2333 3562 2560 3619 nemini
2610 3564 2959 3639 inscriptum

781 3648 980 3707 fuisse.
1052 3665 1129 3706 ne
1164 3647 1297 3726 quis
1332 3647 1493 3704 enim
1527 3647 1612 3703 ita
1648 3663 1774 3705 sese
1816 3666 1890 3705 ex
1926 3644 2275 3705 difficultate
2312 3644 2590 3724 expedire
2626 3656 2869 3705 conetur
2892 3653 2959 3704 ut

782 3731 1072 3814 quaedam
1117 3734 1446 3790 carminum
1482 3729 1952 3790 Catullianorum
1994 3730 2358 3809 exemplaria
2399 3734 2517 3789 ista
2551 3730 2630 3788 ad
2663 3732 2957 3809 Nepotem

782 3816 1252 3898 praefatiuncula
1281 3818 1536 3875 caruisse
1564 3834 1883 3895 eorumque
1908 3835 2026 3874 uno
2055 3816 2389 3874 Martialem
2416 3836 2590 3874 usum
2627 3834 2754 3875 esse
2781 3815 2958 3888 dicat,

783 3906 1274 3982 epigrammatum
1328 3903 1453 3960 eius
1504 3901 1607 3959 III
1654 3902 1691 3958 2
1744 3899 1975 3977 inpedit
2034 3903 2100 3958 in
2152 3909 2357 3979 aperta
2406 3902 2738 3960 imitatione
2797 3901 2960 3959 illius

780 3990 1062 4068 poematii
1095 3990 1353 4066 positum
1389 3983 1568 4061 (conf.
1599 3988 1781 4045 etiam
1809 3986 1965 4044 VIII
1990 3983 2113 4060 72).
2167 3985 2376 4064 quodsi
2413 3987 2748 4065 quaerimus
2784 4005 2961 4065 quae-

781 4093 923 4131 nam
966 4074 1229 4131 carmina
1271 4090 1473 4151 passer
1516 4072 1889 4143 continuerit,
1943 4090 2066 4129 non
2110 4087 2306 4130 errare
2349 4071 2521 4130 nobis
2566 4070 2856 4142 videmur,
2908 4072 2964 4128 si

780 4156 1064 4237 pleraque
1097 4175 1298 4216 eorum
1332 4174 1485 4235 quae
1518 4153 1596 4213 ad
1622 4155 1877 4215 Lesbiae
1914 4174 2173 4214 amorem
2208 4162 2491 4236 spectant,
2530 4156 2744 4238 quibus
2780 4159 2964 4215 etiam

781 4246 1210 4323 epigrammata
1242 4243 1309 4300 in
1333 4239 1551 4301 rivales
1586 4239 1747 4299 facta
1774 4239 2246 4315 adnumeramus,
2281 4243 2639 4303 intermixtis
2669 4241 2803 4301 aliis
2837 4260 2964 4300 non
