3225 5171
735 428 801 471 VI
1598 428 2054 471 PROLEGOMENA

736 544 1088 626 paeninsula
1121 563 1276 624 quae
1318 547 1383 603 in
1416 546 1720 605 Benacum
1761 547 1958 607 lacum
1999 551 2290 627 procurrit
2332 547 2539 607 villam
2582 546 2926 627 possedisse

739 632 811 708 (c.
848 628 1098 705 XXXI)
1133 629 1405 709 produnt.

863 716 1108 775 Natales
1152 718 1279 775 eius
1322 717 1725 794 Hieronymus
1768 715 1846 774 ad
1890 737 2110 776 annum
2155 717 2301 777 Abr.
2350 719 2532 790 1930,
2568 719 2607 776 i.
2646 735 2696 776 e.
2734 716 2809 776 ab
2853 737 2919 775 u.

738 821 785 860 c.
816 802 958 873 667,
996 802 1075 859 87
1113 821 1164 859 a.
1195 801 1331 860 Chr.
1367 809 1486 859 nat.
1526 799 1853 880 adscripsit.
1916 821 2069 881 quae
2102 804 2378 881 temporis
2416 802 2679 862 definitio
2712 809 2922 860 utrum

736 885 1055 965 probabilis
1092 888 1168 944 sit
1197 904 1385 945 necne
1412 887 1520 945 etsi
1554 893 1681 944 tum
1718 886 1969 960 demum,
2007 908 2140 945 cum
2168 887 2245 946 ad
2279 887 2521 947 fatalem
2548 907 2770 946 annum
2799 885 2921 946 Ca-

735 972 872 1030 tulli
916 970 1392 1030 constituendum
1437 971 1756 1049 disputatio
1799 991 2110 1050 progressa
2153 974 2276 1045 erit,
2333 972 2648 1032 diiudicari
2698 979 2917 1051 potest,

737 1058 1017 1136 quoniam
1055 1057 1264 1116 ambae
1297 1057 1671 1134 quaestiones
1705 1058 1997 1116 artissime
2029 1059 2185 1117 inter
2226 1076 2291 1117 se
2325 1058 2665 1130 cohaerent,
2709 1065 2920 1116 tamen

662 1158 669 1167 ·
737 1144 933 1201 statim
968 1141 1161 1199 dicam
1203 1141 1420 1200 habere
1456 1159 1550 1200 me
1584 1160 1691 1200 cur
1734 1150 1971 1220 poetam
2007 1144 2269 1222 quinque
2312 1145 2485 1201 annis
2527 1149 2661 1221 post
2702 1149 2918 1200 natum

736 1246 863 1287 esse
898 1228 1240 1285 existimem.

861 1312 958 1370 De
993 1310 1341 1370 educatione
1376 1311 1501 1368 eius
1544 1310 1697 1368 nihil
1732 1317 1821 1369 est
1853 1310 2149 1369 traditum.
2202 1309 2344 1370 inde
2379 1311 2453 1370 ab
2492 1319 2735 1389 accepta
2767 1317 2918 1388 toga

735 1395 896 1455 virili
948 1395 1307 1454 carminibus
1360 1396 1657 1453 amatoriis
1711 1414 1774 1454 se
1835 1415 2073 1473 operam
2126 1394 2359 1456 dedisse
2407 1398 2537 1475 ipse
2598 1396 2918 1455 confitetur

735 1502 782 1540 c.
828 1480 1107 1541 LXVIII
1157 1480 1232 1537 15
1270 1499 1344 1538 ss.
1391 1487 1648 1539 ceterum
1690 1478 2200 1540 adulescentulum
2251 1483 2428 1541 etiam
2481 1501 2615 1540 eum
2657 1482 2917 1540 Romam

736 1568 1150 1641 commigrasse
1184 1571 1361 1643 patet,
1407 1583 1600 1643 neque
1635 1565 1782 1623 mihi
1818 1564 2064 1624 dubium
2107 1573 2195 1626 est
2227 1569 2372 1645 quin
2415 1566 2499 1625 ibi
2535 1565 2762 1626 Valerii
2798 1565 2915 1624 Ca·

732 1653 888 1710 tonis
936 1651 1329 1726 grammatici,
1375 1649 1673 1728 popularis
1717 1651 1834 1723 sui,
1882 1649 2198 1728 disciplina
2240 1670 2380 1710 usus
2425 1655 2525 1725 sit,
2573 1670 2694 1730 qua
2736 1649 2809 1710 de
2843 1669 2913 1711 re

732 1735 891 1795 infra
924 1734 1274 1814 explicatius
1318 1753 1498 1810 agere
1530 1736 1595 1793 in
1639 1736 1836 1794 animo
1872 1743 1976 1794 est.
2048 1743 2222 1815 atque
2266 1738 2331 1794 in
2373 1736 2486 1795 hoc
2530 1737 2687 1796 orbis
2729 1743 2913 1794 terra-

732 1841 865 1880 rum
899 1822 1090 1899 capite
1132 1826 1482 1898 perpetuum
1524 1838 1696 1878 suum
1732 1819 2094 1879 domicilium
2142 1820 2498 1894 conlocavit,
2545 1827 2613 1879 ut
2653 1821 2783 1899 ipse
2826 1823 2915 1879 ait

732 1906 771 1964 l.
810 1926 856 1976 c.
893 1926 950 1964 v.
982 1906 1064 1963 34
1091 1924 1164 1963 s.2
1219 1905 1470 1964 ‘Romae
1504 1905 1791 1963 vivimus:
1826 1904 1933 1963 illa
1967 1904 2190 1977 domus,
2228 1905 2346 1964 Illa
2380 1905 2528 1964 mihi
2562 1904 2746 1979 sedes,
2784 1905 2912 1964 illic

732 2010 865 2050 mea
900 1993 1159 2069 carpitur
1201 1988 1400 2049 aetas.’
1487 1989 1729 2061 Romae,
1775 1997 1842 2048 ut
1872 1998 2007 2069 post
2048 1989 2396 2063 videbimus,
2442 1993 2621 2050 etiam
2664 1999 2912 2050 mortem

734 2076 895 2136 obiit.
968 2074 1068 2134 sed
1112 2077 1368 2153 patriam
1411 2074 1616 2133 urbem
1665 2077 1898 2152 saepius
1941 2075 2171 2148 revisit,
2210 2084 2464 2154 suntque
2510 2075 2736 2155 aliquot
2781 2079 2911 2135 eius

735 2163 999 2221 carmina
1030 2161 1306 2220 Veronae
1340 2168 1443 2218 aut
1476 2160 1542 2218 in
1577 2158 1873 2218 Sirmione
1909 2159 2162 2219 condita.

863 2244 1162 2304 Catullum
1197 2244 1449 2302 honesta
1491 2250 1550 2302 et
1593 2246 1735 2304 satis
1779 2244 2060 2323 locupleti
2104 2244 2333 2303 familia
2376 2243 2692 2303 oriundum
2726 2246 2912 2306 fuisse

735 2329 1018 2408 conplura
1051 2337 1190 2387 sunt
1224 2347 1379 2407 quae
1416 2327 1678 2388 doceant.
1749 2332 1935 2408 patris
1971 2333 2096 2391 eius
2132 2330 2385 2409 hospitio
2417 2327 2483 2388 O.
2510 2330 2734 2388 Iulium
2764 2329 2911 2390 Cae-

733 2435 925 2476 sarem
958 2416 1049 2472 uti
1081 2415 1457 2473 consuevisse
1485 2411 1802 2472 Suetonius
1837 2417 1902 2472 in
1935 2415 2109 2473 huius
2145 2417 2272 2473 vita
2304 2434 2352 2474 c.
2386 2415 2463 2472 73
2500 2423 2718 2476 narrat.
2782 2419 2911 2494 ipse

731 2508 908 2582 poeta
949 2506 1183 2577 praeter
1223 2499 1651 2577 possessionem
1694 2501 1759 2557 in
1803 2499 2095 2558 Sirmione
2138 2499 2491 2577 paeninsula
2534 2519 2713 2579 supra
2757 2521 2912 2560 com-

733 2593 1116 2645 memoratam
1150 2585 1330 2644 etiam
1354 2603 1537 2664 prope
1563 2583 1756 2644 Tibur
1781 2585 1846 2642 in
1874 2584 2128 2644 confinio
2154 2584 2314 2644 Latii
2343 2593 2402 2645 et
2433 2593 2627 2645 terrae
2651 2584 2913 2646 Sabinae

734 2671 986 2730 fundum
1029 2670 1314 2743 habebat,
1369 2672 1536 2729 cuius
1577 2672 1645 2729 in
1689 2690 1736 2730 c.
1783 2669 1993 2730 XLIV
2035 2672 2394 2730 mentionem
2438 2670 2597 2730 facit.
2684 2671 2913 2732 Romae

733 2756 895 2816 haud
930 2755 1109 2816 dubie
1146 2758 1268 2814 suis
1303 2754 1512 2834 opibus
1548 2756 1677 2814 sine
1721 2754 1843 2815 ullo
1879 2763 2130 2835 quaestu
2174 2756 2433 2827 vivebat,
2478 2755 2913 2835 multorumque

732 2843 1036 2901 hominum
1071 2859 1305 2919 genere,
1355 2839 1662 2918 dignitate,
1708 2839 1930 2899 divitiis
1975 2840 2308 2901 florentium
2353 2841 2442 2901 ibi
2486 2841 2913 2902 consuetudine

735 2928 1025 2987 utebatur.

858 3012 1109 3071 Maximi
1161 3010 1238 3069 ad
1296 3017 1480 3070 totam
1533 3008 1758 3069 Catulli
1809 3014 1996 3069 vitam
2046 3012 2329 3070 momenti
2382 3018 2507 3069 erat
2570 3010 2697 3070 eius
2749 3030 2914 3071 amor

732 3096 992 3155 mulieris
1029 3098 1124 3154 cui
1150 3114 1367 3154 nomen
1393 3093 1611 3153 indidit
1636 3094 1961 3156 Lesbiae.
2017 3097 2279 3155 carmina
2308 3095 2521 3173 quibus
2551 3113 2622 3154 ea
2646 3098 2911 3155 nomina·

730 3183 838 3239 tim
874 3180 1207 3259 adpellatur
1255 3186 1394 3238 sunt
1435 3180 1645 3239 haece:
1688 3180 1764 3239 V.
1800 3180 1940 3240 VH.
1980 3180 2083 3238 LI.
2120 3179 2387 3239 LXXII.
2424 3180 2680 3241 LXXV.
2719 3180 2913 3241 CVII.

729 3275 1037 3344 praeterea
1070 3271 1556 3323 commemoratur
1581 3264 1802 3323 Lesbia
1825 3266 1888 3322 in
1924 3264 2015 3323 his
2050 3267 2193 3323 item
2229 3283 2333 3323 sex
2361 3284 2605 3324 numero
2642 3267 2911 3324 carmini-

729 3352 869 3411 bus:
912 3350 1150 3409 XLIII.
1170 3348 1403 3409 LVIII.
1428 3348 1727 3407 LXXIX.
1755 3348 2119 3407 LXXXIII.
2147 3349 2500 3409 LXXXVI.
2529 3348 2732 3409 XCII.
2770 3354 2912 3410 satis

732 3455 984 3512 magnus
1009 3453 1150 3493 vero
1181 3442 1268 3492 est
1295 3435 1623 3491 carminum
1647 3452 1927 3493 numerus
1957 3453 2124 3513 quae,
2162 3436 2392 3493 etiamsi
2417 3452 2633 3494 nomen
2658 3434 2914 3495 Lesbiae

731 3541 855 3579 non
891 3522 1245 3592 contineant,
1291 3526 1490 3577 tamen
1525 3520 1653 3578 sive
1689 3519 1763 3578 ob
1800 3526 2149 3596 argumenta
2191 3522 2469 3579 universa
2512 3520 2638 3576 sive
2683 3519 2757 3578 ob
2797 3521 2913 3579 sin·

733 3605 903 3682 gulas
941 3603 1225 3683 quasdam
1263 3603 1724 3680 significationes
1753 3606 1897 3684 quin
1934 3603 2013 3662 ad
2038 3603 2290 3664 eandem
2317 3603 2623 3663 mulierem
2650 3613 2914 3682 spectent

733 3690 992 3750 dubitari
1043 3711 1165 3750 non
1215 3695 1423 3768 potest.
1497 3698 1636 3748 sunt
1687 3698 1885 3747 autem
1935 3696 2171 3768 praeter
2223 3688 2338 3747 duo
2391 3690 2507 3747 ista
2551 3687 2625 3747 de
2676 3707 2914 3766 passere

732 3784 965 3836 amatae
1005 3774 1242 3855 puellae
1287 3773 1668 3833 celeberrima
1719 3776 2014 3851 poematia
2056 3774 2124 3833 II
2159 3781 2218 3834 et
2250 3774 2376 3844 ΙΠ,
2423 3791 2577 3851 quae
2619 3772 2913 3833 Martialis

729 3864 972 3938 insuper
1008 3861 1192 3938 epigr.
1210 3859 1338 3918 VII
1370 3860 1447 3916 14
1477 3860 1514 3918 3
1541 3880 1585 3918 s.
1614 3866 1673 3918 et
1696 3859 1854 3918 XIV
1884 3861 1961 3916 77
2001 3859 2217 3918 diserte
2251 3857 2326 3916 ad
2354 3858 2634 3917 Lesbiam
2668 3858 2911 3932 rettulit,

731 3947 879 4004 haec
915 3946 1283 4023 potissimum
1321 3946 1607 4002 carmina:
1644 3943 1819 4002 VIII.
1849 3945 1961 4002 XI.
1999 3944 2205 4002 XXX.
2241 3942 2541 4002 XXXVI.
2578 3942 2913 4003 XXXVII.

732 4030 1025 4090 LXVIII.
1061 4030 1261 4089 LXX.
1297 4029 1588 4089 LXXVI.
1635 4029 1957 4088 LXXVII.
2002 4028 2331 4087 LXXXII.
2379 4028 2700 4088 LXXXV.
2744 4028 2914 4088 XCI.

735 4115 783 4175 C
822 4116 857 4173 5
889 4135 959 4174 ss.
1008 4112 1186 4191 (conf.
1231 4114 1447 4174 LVIII
1491 4122 1548 4173 et
1591 4114 1871 4174 LXVIII
1906 4110 2029 4186 53).
2080 4112 2224 4173 CIV
2226 4157 2239 4170 .
2287 4111 2451 4171 CIX.
2496 4132 2691 4192 neque
2736 4116 2915 4173 etiam

726 4200 1074 4273 errabimus,
1118 4207 1279 4279 puto,
1327 4201 1378 4258 si
1423 4200 1697 4258 carminis
1740 4199 2025 4258 LXXIII
2071 4204 2484 4275 argumentum
2529 4218 2663 4258 cum
2709 4198 2916 4259 eodem
