<?xml version="1.0" encoding="UTF-8"?>
<!DOCTYPE html PUBLIC "-//W3C//DTD XHTML 1.0 Transitional//EN"
    "http://www.w3.org/TR/xhtml1/DTD/xhtml1-transitional.dtd">
<html xmlns="http://www.w3.org/1999/xhtml" xml:lang="en" lang="en">
 <head>
  <title>
</title>
<meta http-equiv="Content-Type" content="text/html;charset=utf-8" />
  <meta name='ocr-system' content='tesseract 3.04.00' />
  <meta name='ocr-capabilities' content='ocr_page ocr_carea ocr_par ocr_line ocrx_word'/>
</head>
<body>
  <div class='ocr_page' id='page_1' title='image "./cvalericatulliv00schmgoog_0160.png"; bbox 0 0 3225 5171; ppageno 0'>
   <div class='ocr_carea' id='block_1_1' title="bbox 779 411 872 481">
    <p class='ocr_par' dir='ltr' id='par_1_1' title="bbox 779 411 872 481">
     <span class='ocr_line' id='line_1_1' title="bbox 779 411 872 481; baseline 0.022 -2"><span class='ocrx_word' id='word_1_1' title='bbox 779 411 872 481; x_wconf 76' lang='lat'>16</span> 
     </span>
    </p>
   </div>
   <div class='ocr_carea' id='block_1_2' title="bbox 674 1593 765 1654">
    <p class='ocr_par' dir='ltr' id='par_1_2' title="bbox 674 1593 765 1654">
     <span class='ocr_line' id='line_1_2' title="bbox 674 1593 765 1654; baseline 0.022 -2"><span class='ocrx_word' id='word_1_2' title='bbox 674 1593 765 1654; x_wconf 67' lang='lat'>10‘</span> 
     </span>
    </p>
   </div>
   <div class='ocr_carea' id='block_1_3' title="bbox 675 2063 757 2120">
    <p class='ocr_par' dir='ltr' id='par_1_3' title="bbox 675 2063 757 2120">
     <span class='ocr_line' id='line_1_3' title="bbox 675 2063 757 2120; baseline 0.012 -1"><span class='ocrx_word' id='word_1_3' title='bbox 675 2063 757 2120; x_wconf 78' lang='grc'>’.15</span> 
     </span>
    </p>
   </div>
   <div class='ocr_carea' id='block_1_4' title="bbox 676 3474 761 3529">
    <p class='ocr_par' dir='ltr' id='par_1_4' title="bbox 676 3474 761 3529">
     <span class='ocr_line' id='line_1_4' title="bbox 676 3474 761 3529; baseline -0.024 0"><span class='ocrx_word' id='word_1_4' title='bbox 676 3474 761 3529; x_wconf 76' lang='grc'>’10</span> 
     </span>
    </p>
   </div>
   <div class='ocr_carea' id='block_1_5' title="bbox 673 3943 761 3998">
    <p class='ocr_par' dir='ltr' id='par_1_5' title="bbox 673 3943 761 3998">
     <span class='ocr_line' id='line_1_5' title="bbox 673 3943 761 3998; baseline -0.011 0"><span class='ocrx_word' id='word_1_5' title='bbox 673 3943 761 3998; x_wconf 74' lang='grc'>’15</span> 
     </span>
    </p>
   </div>
   <div class='ocr_carea' id='block_1_6' title="bbox 1640 370 2438 518">
    <p class='ocr_par' dir='ltr' id='par_1_6' title="bbox 1640 370 2438 518">
     <span class='ocr_line' id='line_1_6' title="bbox 1640 370 2438 518; baseline -0.003 -39"><span class='ocrx_word' id='word_1_6' title='bbox 1640 421 1979 481; x_wconf 77' lang='lat' dir='ltr'>cATULm</span> <span class='ocrx_word' id='word_1_7' title='bbox 2297 417 2328 518; x_wconf 52' lang='grc' dir='ltr'>χ·-</span> <span class='ocrx_word' id='word_1_8' title='bbox 2371 451 2379 471; x_wconf 85' lang='lat'>-.</span> <span class='ocrx_word' id='word_1_9' title='bbox 2433 370 2438 374; x_wconf 31' lang='lat'><strong>⁴</strong></span> 
     </span>
    </p>
   </div>
   <div class='ocr_carea' id='block_1_7' title="bbox 1640 612 1978 679">
    <p class='ocr_par' dir='ltr' id='par_1_7' title="bbox 1640 612 1978 679">
     <span class='ocr_line' id='line_1_7' title="bbox 1640 612 1978 679; baseline 0.006 -2"><span class='ocrx_word' id='word_1_10' title='bbox 1640 612 1978 679; x_wconf 67' lang='lat' dir='ltr'>XXVIII„</span> 
     </span>
    </p>
   </div>
   <div class='ocr_carea' id='block_1_8' title="bbox 1126 731 2438 1286">
    <p class='ocr_par' dir='ltr' id='par_1_8' title="bbox 1126 731 2203 808">
     <span class='ocr_line' id='line_1_8' title="bbox 1126 731 2203 808; baseline -0.003 -8"><span class='ocrx_word' id='word_1_11' title='bbox 1126 733 1384 800; x_wconf 88' lang='lat' dir='ltr'>Pisonis</span> <span class='ocrx_word' id='word_1_12' title='bbox 1418 731 1702 808; x_wconf 88' lang='lat' dir='ltr'>comites,</span> <span class='ocrx_word' id='word_1_13' title='bbox 1738 731 1963 797; x_wconf 83' lang='lat' dir='ltr'>cohors</span> <span class='ocrx_word' id='word_1_14' title='bbox 1998 731 2203 797; x_wconf 89' lang='lat' dir='ltr'>inanis</span> 
     </span>
    </p>

    <p class='ocr_par' dir='ltr' id='par_1_9' title="bbox 1130 824 2119 915">
     <span class='ocr_line' id='line_1_9' title="bbox 1130 824 2119 915; baseline -0.003 -23"><span class='ocrx_word' id='word_1_15' title='bbox 1130 828 1293 915; x_wconf 88' lang='lat' dir='ltr'>aptis</span> <span class='ocrx_word' id='word_1_16' title='bbox 1329 824 1658 891; x_wconf 86' lang='lat' dir='ltr'>sarcinulis</span> <span class='ocrx_word' id='word_1_17' title='bbox 1693 835 1753 889; x_wconf 87' lang='lat' dir='ltr'>et</span> <span class='ocrx_word' id='word_1_18' title='bbox 1790 825 2119 910; x_wconf 87' lang='lat' dir='ltr'>expeditis,</span> 
     </span>
    </p>

    <p class='ocr_par' dir='ltr' id='par_1_10' title="bbox 1127 918 2438 1286">
     <span class='ocr_line' id='line_1_10' title="bbox 1127 918 2323 1004; baseline -0.004 -16"><span class='ocrx_word' id='word_1_19' title='bbox 1127 919 1371 988; x_wconf 86' lang='lat' dir='ltr'>Verani</span> <span class='ocrx_word' id='word_1_20' title='bbox 1403 918 1641 1004; x_wconf 85' lang='lat' dir='ltr'>optime</span> <span class='ocrx_word' id='word_1_21' title='bbox 1678 928 1875 1003; x_wconf 91' lang='lat' dir='ltr'>tuque</span> <span class='ocrx_word' id='word_1_22' title='bbox 1911 919 1999 982; x_wconf 92' lang='lat' dir='ltr'>mi</span> <span class='ocrx_word' id='word_1_23' title='bbox 2035 919 2323 994; x_wconf 84' lang='lat' dir='ltr'>Fabulle,</span> 
     </span>
     <span class='ocr_line' id='line_1_11' title="bbox 1127 1012 2438 1099; baseline 0 -21"><span class='ocrx_word' id='word_1_24' title='bbox 1127 1014 1283 1099; x_wconf 90' lang='lat' dir='ltr'>quid</span> <span class='ocrx_word' id='word_1_25' title='bbox 1319 1035 1528 1077; x_wconf 87' lang='lat' dir='ltr'>rerum</span> <span class='ocrx_word' id='word_1_26' title='bbox 1563 1012 1823 1097; x_wconf 80' lang='lat' dir='ltr'>geritis?</span> <span class='ocrx_word' id='word_1_27' title='bbox 1865 1012 2099 1079; x_wconf 88' lang='lat' dir='ltr'>satisne</span> <span class='ocrx_word' id='word_1_28' title='bbox 2135 1033 2282 1077; x_wconf 88' lang='lat' dir='ltr'>cum</span> <span class='ocrx_word' id='word_1_29' title='bbox 2317 1012 2438 1078; x_wconf 84' lang='lat' dir='ltr'>isto</span> 
     </span>
     <span class='ocr_line' id='line_1_12' title="bbox 1128 1105 2390 1194; baseline -0.004 -21"><span class='ocrx_word' id='word_1_30' title='bbox 1128 1130 1340 1194; x_wconf 83' lang='lat' dir='ltr'>vappa</span> <span class='ocrx_word' id='word_1_31' title='bbox 1373 1105 1756 1191; x_wconf 69' lang='lat' dir='ltr'><strong>frigoraque</strong></span> <span class='ocrx_word' id='word_1_32' title='bbox 1775 1114 1840 1169; x_wconf 89' lang='lat' dir='ltr'>et</span> <span class='ocrx_word' id='word_1_33' title='bbox 1872 1105 2086 1170; x_wconf 88' lang='lat' dir='ltr'>famen</span> <span class='ocrx_word' id='word_1_34' title='bbox 2121 1105 2390 1170; x_wconf 81' lang='lat' dir='ltr'>tulistis?</span> 
     </span>
     <span class='ocr_line' id='line_1_13' title="bbox 1128 1199 2337 1286; baseline -0.004 -18"><span class='ocrx_word' id='word_1_35' title='bbox 1128 1200 1508 1286; x_wconf 81' lang='lat' dir='ltr'><strong>ecquidnam</strong></span> <span class='ocrx_word' id='word_1_36' title='bbox 1540 1199 1608 1263; x_wconf 89' lang='lat' dir='ltr'>in</span> <span class='ocrx_word' id='word_1_37' title='bbox 1646 1199 1878 1264; x_wconf 88' lang='lat' dir='ltr'>tabulis</span> <span class='ocrx_word' id='word_1_38' title='bbox 1916 1210 2093 1285; x_wconf 88' lang='lat' dir='ltr'>patet</span> <span class='ocrx_word' id='word_1_39' title='bbox 2125 1199 2337 1265; x_wconf 90' lang='lat' dir='ltr'>lucelli</span> 
     </span>
    </p>
   </div>
   <div class='ocr_carea' id='block_1_9' title="bbox 1125 1387 2490 2223">
    <p class='ocr_par' dir='ltr' id='par_1_11' title="bbox 1125 1387 2490 1570">
     <span class='ocr_line' id='line_1_14' title="bbox 1131 1387 2490 1475; baseline -0.004 -19"><span class='ocrx_word' id='word_1_40' title='bbox 1131 1410 1503 1475; x_wconf 89' lang='lat' dir='ltr'>expensum,</span> <span class='ocrx_word' id='word_1_41' title='bbox 1543 1396 1617 1451; x_wconf 89' lang='lat' dir='ltr'>ut</span> <span class='ocrx_word' id='word_1_42' title='bbox 1641 1387 1816 1464; x_wconf 90' lang='lat' dir='ltr'>mihi,</span> <span class='ocrx_word' id='word_1_43' title='bbox 1854 1387 1962 1471; x_wconf 92' lang='lat' dir='ltr'>qui</span> <span class='ocrx_word' id='word_1_44' title='bbox 1993 1411 2206 1455; x_wconf 89' lang='lat' dir='ltr'>meum</span> <span class='ocrx_word' id='word_1_45' title='bbox 2236 1397 2490 1453; x_wconf 86' lang='lat' dir='ltr'>secutus</span> 
     </span>
     <span class='ocr_line' id='line_1_15' title="bbox 1125 1480 2240 1570; baseline -0.002 -23"><span class='ocrx_word' id='word_1_46' title='bbox 1125 1492 1481 1570; x_wconf 80' lang='lat' dir='ltr'>praetorem</span> <span class='ocrx_word' id='word_1_47' title='bbox 1516 1480 1721 1545; x_wconf 86' lang='lat' dir='ltr'>refero</span> <span class='ocrx_word' id='word_1_48' title='bbox 1759 1480 1976 1549; x_wconf 86' lang='lat' dir='ltr'>datum</span> <span class='ocrx_word' id='word_1_49' title='bbox 2013 1482 2240 1547; x_wconf 93' lang='lat' dir='ltr'>lucello</span> 
     </span>
    </p>

    <p class='ocr_par' dir='ltr' id='par_1_12' title="bbox 1127 1574 2458 1734">
     <span class='ocr_line' id='line_1_16' title="bbox 1130 1574 2458 1660; baseline -0.001 -19"><span class='ocrx_word' id='word_1_50' title='bbox 1130 1584 1200 1641; x_wconf 87' lang='lat' dir='ltr'>‘o</span> <span class='ocrx_word' id='word_1_51' title='bbox 1236 1576 1525 1652; x_wconf 90' lang='lat' dir='ltr'>Memmi,</span> <span class='ocrx_word' id='word_1_52' title='bbox 1564 1574 1728 1641; x_wconf 91' lang='lat' dir='ltr'>bene</span> <span class='ocrx_word' id='word_1_53' title='bbox 1762 1598 1864 1641; x_wconf 90' lang='lat' dir='ltr'>me</span> <span class='ocrx_word' id='word_1_54' title='bbox 1901 1598 1976 1639; x_wconf 86' lang='lat' dir='ltr'>ac</span> <span class='ocrx_word' id='word_1_55' title='bbox 2012 1575 2122 1639; x_wconf 90' lang='lat' dir='ltr'>diu</span> <span class='ocrx_word' id='word_1_56' title='bbox 2158 1575 2458 1660; x_wconf 92' lang='lat' dir='ltr'>supinum</span> 
     </span>
     <span class='ocr_line' id='line_1_17' title="bbox 1127 1668 2284 1734; baseline -0.001 0"><span class='ocrx_word' id='word_1_57' title='bbox 1127 1680 1260 1734; x_wconf 85' lang='lat' dir='ltr'>tota</span> <span class='ocrx_word' id='word_1_58' title='bbox 1293 1669 1418 1734; x_wconf 87' lang='lat' dir='ltr'>ista</span> <span class='ocrx_word' id='word_1_59' title='bbox 1452 1668 1632 1733; x_wconf 85' lang='lat' dir='ltr'>trabe</span> <span class='ocrx_word' id='word_1_60' title='bbox 1667 1668 1877 1733; x_wconf 87' lang='lat' dir='ltr'>lentus</span> <span class='ocrx_word' id='word_1_61' title='bbox 1911 1669 2284 1733; x_wconf 77' lang='lat' dir='ltr'>intumasti.&#39;</span> 
     </span>
    </p>

    <p class='ocr_par' dir='ltr' id='par_1_13' title="bbox 1131 1762 2276 1942">
     <span class='ocr_line' id='line_1_18' title="bbox 1132 1762 2276 1847; baseline -0.001 -18"><span class='ocrx_word' id='word_1_62' title='bbox 1132 1764 1267 1840; x_wconf 87' lang='lat' dir='ltr'>sed,</span> <span class='ocrx_word' id='word_1_63' title='bbox 1304 1773 1611 1847; x_wconf 89' lang='lat' dir='ltr'>quantum</span> <span class='ocrx_word' id='word_1_64' title='bbox 1651 1762 1859 1838; x_wconf 80' lang='lat' dir='ltr'>viden,</span> <span class='ocrx_word' id='word_1_65' title='bbox 1896 1762 2032 1847; x_wconf 89' lang='lat' dir='ltr'>pari</span> <span class='ocrx_word' id='word_1_66' title='bbox 2068 1762 2276 1828; x_wconf 81' lang='lat' dir='ltr'>fuistis</span> 
     </span>
     <span class='ocr_line' id='line_1_19' title="bbox 1131 1855 2256 1942; baseline -0.002 -19"><span class='ocrx_word' id='word_1_67' title='bbox 1131 1880 1314 1924; x_wconf 83' lang='lat' dir='ltr'>casu:</span> <span class='ocrx_word' id='word_1_68' title='bbox 1359 1879 1509 1921; x_wconf 92' lang='lat' dir='ltr'>nam</span> <span class='ocrx_word' id='word_1_69' title='bbox 1542 1855 1740 1920; x_wconf 86' lang='lat' dir='ltr'><strong>nihilo</strong></span> <span class='ocrx_word' id='word_1_70' title='bbox 1779 1857 2020 1932; x_wconf 86' lang='lat' dir='ltr'>minore</span> <span class='ocrx_word' id='word_1_71' title='bbox 2056 1878 2256 1942; x_wconf 87' lang='lat' dir='ltr'>verpa</span> 
     </span>
    </p>

    <p class='ocr_par' dir='ltr' id='par_1_14' title="bbox 1127 1950 2287 2035">
     <span class='ocr_line' id='line_1_20' title="bbox 1127 1950 2287 2035; baseline -0.003 -19"><span class='ocrx_word' id='word_1_72' title='bbox 1127 1951 1277 2016; x_wconf 86' lang='lat' dir='ltr'>farti</span> <span class='ocrx_word' id='word_1_73' title='bbox 1313 1950 1482 2015; x_wconf 86' lang='lat' dir='ltr'>estis.</span> <span class='ocrx_word' id='word_1_74' title='bbox 1569 1961 1715 2035; x_wconf 88' lang='lat' dir='ltr'>pete</span> <span class='ocrx_word' id='word_1_75' title='bbox 1750 1950 1994 2015; x_wconf 88' lang='lat' dir='ltr'>nobiles</span> <span class='ocrx_word' id='word_1_76' title='bbox 2032 1950 2287 2015; x_wconf 88' lang='lat' dir='ltr'>amicos.</span> 
     </span>
    </p>

    <p class='ocr_par' dir='ltr' id='par_1_15' title="bbox 1132 2043 2272 2127">
     <span class='ocr_line' id='line_1_21' title="bbox 1132 2043 2272 2127; baseline 0 -19"><span class='ocrx_word' id='word_1_77' title='bbox 1132 2055 1198 2109; x_wconf 86' lang='lat' dir='ltr'>at</span> <span class='ocrx_word' id='word_1_78' title='bbox 1235 2043 1415 2108; x_wconf 88' lang='lat' dir='ltr'>vobis</span> <span class='ocrx_word' id='word_1_79' title='bbox 1450 2044 1621 2108; x_wconf 88' lang='lat' dir='ltr'>mala</span> <span class='ocrx_word' id='word_1_80' title='bbox 1655 2043 1858 2107; x_wconf 78' lang='lat' dir='ltr'>multa</span> <span class='ocrx_word' id='word_1_81' title='bbox 1889 2044 1955 2108; x_wconf 89' lang='lat' dir='ltr'>di</span> <span class='ocrx_word' id='word_1_82' title='bbox 1989 2044 2272 2127; x_wconf 86' lang='lat' dir='ltr'>deaeque</span> 
     </span>
    </p>

    <p class='ocr_par' dir='ltr' id='par_1_16' title="bbox 1131 2136 2337 2223">
     <span class='ocr_line' id='line_1_22' title="bbox 1131 2136 2337 2223; baseline 0 -20"><span class='ocrx_word' id='word_1_83' title='bbox 1131 2138 1304 2215; x_wconf 79' lang='lat' dir='ltr'>dent,</span> <span class='ocrx_word' id='word_1_84' title='bbox 1340 2137 1680 2223; x_wconf 88' lang='lat' dir='ltr'>opprobria</span> <span class='ocrx_word' id='word_1_85' title='bbox 1714 2136 1972 2202; x_wconf 89' lang='lat' dir='ltr'>Romuli</span> <span class='ocrx_word' id='word_1_86' title='bbox 2006 2138 2337 2221; x_wconf 87' lang='lat' dir='ltr'>Remique.</span> 
     </span>
    </p>
   </div>
   <div class='ocr_carea' id='block_1_10' title="bbox 1645 2326 1987 2337">
    <p class='ocr_par' dir='ltr' id='par_1_17' title="bbox 1645 2326 1987 2337">
     <span class='ocr_line' id='line_1_23' title="bbox 1645 2326 1987 2337; baseline 0 0"><span class='ocrx_word' id='word_1_87' title='bbox 1645 2326 1987 2337; x_wconf 95' lang='lat' dir='ltr'> </span> 
     </span>
    </p>
   </div>
   <div class='ocr_carea' id='block_1_11' title="bbox 1673 2483 1949 2551">
    <p class='ocr_par' dir='ltr' id='par_1_18' title="bbox 1673 2483 1949 2551">
     <span class='ocr_line' id='line_1_24' title="bbox 1673 2483 1949 2551; baseline 0.011 -3"><span class='ocrx_word' id='word_1_88' title='bbox 1673 2483 1949 2551; x_wconf 87' lang='lat' dir='ltr'>XXIX.</span> 
     </span>
    </p>
   </div>
   <div class='ocr_carea' id='block_1_12' title="bbox 1001 2605 2446 3890">
    <p class='ocr_par' dir='ltr' id='par_1_19' title="bbox 1001 2605 2446 3255">
     <span class='ocr_line' id='line_1_25' title="bbox 1003 2605 2446 2743; baseline -0.002 -70"><span class='ocrx_word' id='word_1_89' title='bbox 1003 2606 1168 2690; x_wconf 81' lang='lat' dir='ltr'>Quis</span> <span class='ocrx_word' id='word_1_90' title='bbox 1201 2606 1324 2671; x_wconf 92' lang='lat' dir='ltr'>hoc</span> <span class='ocrx_word' id='word_1_91' title='bbox 1358 2615 1565 2690; x_wconf 85' lang='lat' dir='ltr'>potest</span> <span class='ocrx_word' id='word_1_92' title='bbox 1601 2605 1835 2682; x_wconf 87' lang='lat' dir='ltr'>videre,</span> <span class='ocrx_word' id='word_1_93' title='bbox 1871 2605 2015 2688; x_wconf 90' lang='lat' dir='ltr'>quis</span> <span class='ocrx_word' id='word_1_94' title='bbox 2049 2617 2256 2686; x_wconf 86' lang='lat' dir='ltr'>potest</span> <span class='ocrx_word' id='word_1_95' title='bbox 2292 2605 2446 2743; x_wconf 78' lang='lat' dir='ltr'>pati,</span> 
     </span>
     <span class='ocr_line' id='line_1_26' title="bbox 1001 2699 2121 2784; baseline -0.001 -18"><span class='ocrx_word' id='word_1_96' title='bbox 1001 2701 1126 2767; x_wconf 89' lang='lat' dir='ltr'>nisi</span> <span class='ocrx_word' id='word_1_97' title='bbox 1160 2699 1496 2784; x_wconf 88' lang='lat' dir='ltr'>inpudicus</span> <span class='ocrx_word' id='word_1_98' title='bbox 1531 2708 1595 2763; x_wconf 91' lang='lat' dir='ltr'>et</span> <span class='ocrx_word' id='word_1_99' title='bbox 1632 2720 1826 2763; x_wconf 86' lang='lat' dir='ltr'>vorax</span> <span class='ocrx_word' id='word_1_100' title='bbox 1864 2709 1928 2763; x_wconf 93' lang='lat' dir='ltr'>et</span> <span class='ocrx_word' id='word_1_101' title='bbox 1962 2699 2121 2777; x_wconf 83' lang='lat' dir='ltr'>alec,</span> 
     </span>
     <span class='ocr_line' id='line_1_27' title="bbox 1003 2740 2410 2874; baseline 0.001 -18"><span class='ocrx_word' id='word_1_102' title='bbox 1003 2795 1400 2862; x_wconf 80' lang='lat' dir='ltr'>Mamurram</span> <span class='ocrx_word' id='word_1_103' title='bbox 1435 2791 1673 2856; x_wconf 88' lang='lat' dir='ltr'>habere</span> <span class='ocrx_word' id='word_1_104' title='bbox 1708 2792 1880 2874; x_wconf 92' lang='lat' dir='ltr'>quod</span> <span class='ocrx_word' id='word_1_105' title='bbox 1915 2803 2163 2857; x_wconf 88' lang='lat' dir='ltr'>comata</span> <span class='ocrx_word' id='word_1_106' title='bbox 2199 2740 2410 2858; x_wconf 84' lang='lat' dir='ltr'>Gallia</span> 
     </span>
     <span class='ocr_line' id='line_1_28' title="bbox 1004 2884 2223 2953; baseline -0.002 0"><span class='ocrx_word' id='word_1_107' title='bbox 1004 2886 1284 2953; x_wconf 86' lang='lat' dir='ltr'>habebat</span> <span class='ocrx_word' id='word_1_108' title='bbox 1318 2894 1465 2951; x_wconf 89' lang='lat' dir='ltr'>ante</span> <span class='ocrx_word' id='word_1_109' title='bbox 1501 2894 1563 2950; x_wconf 92' lang='lat' dir='ltr'>et</span> <span class='ocrx_word' id='word_1_110' title='bbox 1596 2884 1819 2949; x_wconf 88' lang='lat' dir='ltr'>ultima</span> <span class='ocrx_word' id='word_1_111' title='bbox 1854 2884 2223 2950; x_wconf 81' lang='lat' dir='ltr'>Britannia?</span> 
     </span>
     <span class='ocr_line' id='line_1_29' title="bbox 1009 2978 2408 3057; baseline -0.002 -10"><span class='ocrx_word' id='word_1_112' title='bbox 1009 2980 1269 3047; x_wconf 83' lang='lat' dir='ltr'>cinaede</span> <span class='ocrx_word' id='word_1_113' title='bbox 1304 2979 1598 3057; x_wconf 88' lang='lat' dir='ltr'>Romule,</span> <span class='ocrx_word' id='word_1_114' title='bbox 1637 2978 1793 3044; x_wconf 90' lang='lat' dir='ltr'>haec</span> <span class='ocrx_word' id='word_1_115' title='bbox 1829 2978 2073 3044; x_wconf 85' lang='lat' dir='ltr'>videbis</span> <span class='ocrx_word' id='word_1_116' title='bbox 2109 2991 2172 3045; x_wconf 89' lang='lat' dir='ltr'>et</span> <span class='ocrx_word' id='word_1_117' title='bbox 2205 2980 2408 3045; x_wconf 87' lang='lat' dir='ltr'>feres?</span> 
     </span>
     <span class='ocr_line' id='line_1_30' title="bbox 1007 3072 2290 3158; baseline -0.002 -17"><span class='ocrx_word' id='word_1_118' title='bbox 1007 3085 1072 3143; x_wconf 89' lang='lat' dir='ltr'>et</span> <span class='ocrx_word' id='word_1_119' title='bbox 1104 3075 1212 3139; x_wconf 93' lang='lat' dir='ltr'>ille</span> <span class='ocrx_word' id='word_1_120' title='bbox 1245 3095 1417 3137; x_wconf 90' lang='lat' dir='ltr'>nunc</span> <span class='ocrx_word' id='word_1_121' title='bbox 1453 3072 1764 3157; x_wconf 87' lang='lat' dir='ltr'>superbus</span> <span class='ocrx_word' id='word_1_122' title='bbox 1801 3083 1864 3137; x_wconf 86' lang='lat' dir='ltr'>et</span> <span class='ocrx_word' id='word_1_123' title='bbox 1898 3074 2290 3158; x_wconf 87' lang='lat' dir='ltr'>superfluens</span> 
     </span>
     <span class='ocr_line' id='line_1_31' title="bbox 1003 3165 2058 3255; baseline -0.005 -21"><span class='ocrx_word' id='word_1_124' title='bbox 1003 3165 1469 3255; x_wconf 87' lang='lat' dir='ltr'>perambulabit</span> <span class='ocrx_word' id='word_1_125' title='bbox 1503 3166 1784 3236; x_wconf 88' lang='lat' dir='ltr'>omnium</span> <span class='ocrx_word' id='word_1_126' title='bbox 1822 3165 2058 3230; x_wconf 92' lang='lat' dir='ltr'>cubilia</span> 
     </span>
    </p>

    <p class='ocr_par' dir='ltr' id='par_1_20' title="bbox 1006 3258 2416 3532">
     <span class='ocr_line' id='line_1_32' title="bbox 1006 3258 2265 3327; baseline -0.002 0"><span class='ocrx_word' id='word_1_127' title='bbox 1006 3272 1078 3327; x_wconf 88' lang='lat' dir='ltr'>ut</span> <span class='ocrx_word' id='word_1_128' title='bbox 1114 3260 1367 3325; x_wconf 93' lang='lat' dir='ltr'>albulus</span> <span class='ocrx_word' id='word_1_129' title='bbox 1403 3259 1735 3324; x_wconf 90' lang='lat' dir='ltr'>columbus</span> <span class='ocrx_word' id='word_1_130' title='bbox 1770 3258 1928 3323; x_wconf 89' lang='lat' dir='ltr'>haut</span> <span class='ocrx_word' id='word_1_131' title='bbox 1961 3259 2265 3326; x_wconf 83' lang='lat' dir='ltr'>idoneus?</span> 
     </span>
     <span class='ocr_line' id='line_1_33' title="bbox 1011 3351 2416 3429; baseline -0.003 -8"><span class='ocrx_word' id='word_1_132' title='bbox 1011 3353 1273 3421; x_wconf 80' lang='lat' dir='ltr'>cinaede</span> <span class='ocrx_word' id='word_1_133' title='bbox 1308 3351 1602 3429; x_wconf 89' lang='lat' dir='ltr'>Romule,</span> <span class='ocrx_word' id='word_1_134' title='bbox 1640 3352 1799 3418; x_wconf 93' lang='lat' dir='ltr'>haec</span> <span class='ocrx_word' id='word_1_135' title='bbox 1834 3352 2079 3417; x_wconf 85' lang='lat' dir='ltr'>videbis</span> <span class='ocrx_word' id='word_1_136' title='bbox 2115 3363 2180 3420; x_wconf 87' lang='lat' dir='ltr'>et</span> <span class='ocrx_word' id='word_1_137' title='bbox 2214 3353 2416 3420; x_wconf 80' lang='lat' dir='ltr'>feres?</span> 
     </span>
     <span class='ocr_line' id='line_1_34' title="bbox 1008 3446 2071 3532; baseline -0.004 -16"><span class='ocrx_word' id='word_1_138' title='bbox 1008 3472 1077 3517; x_wconf 86' lang='lat' dir='ltr'>es</span> <span class='ocrx_word' id='word_1_139' title='bbox 1111 3447 1448 3532; x_wconf 88' lang='lat' dir='ltr'>inpudicus</span> <span class='ocrx_word' id='word_1_140' title='bbox 1483 3455 1548 3511; x_wconf 88' lang='lat' dir='ltr'>et</span> <span class='ocrx_word' id='word_1_141' title='bbox 1579 3468 1778 3510; x_wconf 87' lang='lat' dir='ltr'>vorax</span> <span class='ocrx_word' id='word_1_142' title='bbox 1815 3458 1878 3511; x_wconf 88' lang='lat' dir='ltr'>et</span> <span class='ocrx_word' id='word_1_143' title='bbox 1912 3446 2071 3512; x_wconf 86' lang='lat' dir='ltr'>aleo.</span> 
     </span>
    </p>

    <p class='ocr_par' dir='ltr' id='par_1_21' title="bbox 1009 3540 2093 3626">
     <span class='ocr_line' id='line_1_35' title="bbox 1009 3540 2093 3626; baseline -0.002 -18"><span class='ocrx_word' id='word_1_144' title='bbox 1009 3563 1167 3608; x_wconf 87' lang='lat' dir='ltr'>eone</span> <span class='ocrx_word' id='word_1_145' title='bbox 1201 3540 1476 3617; x_wconf 89' lang='lat' dir='ltr'>nomine,</span> <span class='ocrx_word' id='word_1_146' title='bbox 1513 3541 1853 3626; x_wconf 73' lang='lat' dir='ltr'>imperator</span> <span class='ocrx_word' id='word_1_147' title='bbox 1888 3540 2093 3618; x_wconf 89' lang='lat' dir='ltr'>unice,</span> 
     </span>
    </p>

    <p class='ocr_par' dir='ltr' id='par_1_22' title="bbox 1006 3632 2181 3711">
     <span class='ocr_line' id='line_1_36' title="bbox 1006 3632 2181 3711; baseline -0.002 -10"><span class='ocrx_word' id='word_1_148' title='bbox 1006 3635 1185 3701; x_wconf 83' lang='lat' dir='ltr'>fuisti</span> <span class='ocrx_word' id='word_1_149' title='bbox 1218 3634 1286 3699; x_wconf 89' lang='lat' dir='ltr'>in</span> <span class='ocrx_word' id='word_1_150' title='bbox 1320 3632 1543 3698; x_wconf 89' lang='lat' dir='ltr'>ultima</span> <span class='ocrx_word' id='word_1_151' title='bbox 1577 3634 1920 3700; x_wconf 88' lang='lat' dir='ltr'>occidentis</span> <span class='ocrx_word' id='word_1_152' title='bbox 1954 3634 2181 3711; x_wconf 89' lang='lat' dir='ltr'>insula,</span> 
     </span>
    </p>

    <p class='ocr_par' dir='ltr' id='par_1_23' title="bbox 1006 3727 2234 3890">
     <span class='ocr_line' id='line_1_37' title="bbox 1006 3727 2132 3794; baseline -0.003 0"><span class='ocrx_word' id='word_1_153' title='bbox 1006 3741 1081 3794; x_wconf 89' lang='lat' dir='ltr'>ut</span> <span class='ocrx_word' id='word_1_154' title='bbox 1113 3729 1235 3793; x_wconf 85' lang='lat' dir='ltr'>ista</span> <span class='ocrx_word' id='word_1_155' title='bbox 1270 3738 1482 3793; x_wconf 84' lang='lat' dir='ltr'>vestra</span> <span class='ocrx_word' id='word_1_156' title='bbox 1516 3728 1815 3792; x_wconf 86' lang='lat' dir='ltr'>diffututa</span> <span class='ocrx_word' id='word_1_157' title='bbox 1848 3727 2132 3793; x_wconf 86' lang='lat' dir='ltr'>mentula</span> 
     </span>
     <span class='ocr_line' id='line_1_38' title="bbox 1010 3823 2234 3890; baseline -0.001 -1"><span class='ocrx_word' id='word_1_158' title='bbox 1010 3824 1337 3890; x_wconf 81' lang='lat' dir='ltr'>ducenties</span> <span class='ocrx_word' id='word_1_159' title='bbox 1375 3834 1686 3888; x_wconf 77' lang='lat' dir='ltr'>comesset</span> <span class='ocrx_word' id='word_1_160' title='bbox 1721 3833 1831 3888; x_wconf 83' lang='lat' dir='ltr'>aut</span> <span class='ocrx_word' id='word_1_161' title='bbox 1865 3823 2234 3889; x_wconf 78' lang='lat' dir='ltr'>trecenties?</span> 
     </span>
    </p>
   </div>
   <div class='ocr_carea' id='block_1_13' title="bbox 936 3916 2161 4002">
    <p class='ocr_par' dir='ltr' id='par_1_24' title="bbox 936 3916 2161 4002">
     <span class='ocr_line' id='line_1_39' title="bbox 936 3916 2161 4002; baseline 0 -21"><span class='ocrx_word' id='word_1_162' title='bbox 936 3974 939 3975; x_wconf 11' lang='grc' dir='ltr'><em>γ</em></span> <span class='ocrx_word' id='word_1_163' title='bbox 1011 3917 1166 4002; x_wconf 88' lang='lat' dir='ltr'>quid</span> <span class='ocrx_word' id='word_1_164' title='bbox 1203 3928 1298 3983; x_wconf 88' lang='lat' dir='ltr'>est</span> <span class='ocrx_word' id='word_1_165' title='bbox 1333 3917 1461 3982; x_wconf 88' lang='lat' dir='ltr'>alid</span> <span class='ocrx_word' id='word_1_166' title='bbox 1497 3917 1749 3982; x_wconf 84' lang='lat' dir='ltr'>sinistra</span> <span class='ocrx_word' id='word_1_167' title='bbox 1782 3916 2161 3981; x_wconf 77' lang='lat' dir='ltr'>liberalitas?</span> 
     </span>
    </p>
   </div>
   <div class='ocr_carea' id='block_1_14' title="bbox 1009 4010 2487 4287">
    <p class='ocr_par' dir='ltr' id='par_1_25' title="bbox 1009 4010 2487 4287">
     <span class='ocr_line' id='line_1_40' title="bbox 1009 4010 2487 4098; baseline -0.001 -22"><span class='ocrx_word' id='word_1_168' title='bbox 1009 4035 1236 4098; x_wconf 87' lang='lat' dir='ltr'>parum</span> <span class='ocrx_word' id='word_1_169' title='bbox 1274 4011 1630 4096; x_wconf 83' lang='lat' dir='ltr'>expatravit</span> <span class='ocrx_word' id='word_1_170' title='bbox 1663 4035 1746 4076; x_wconf 90' lang='lat' dir='ltr'>an</span> <span class='ocrx_word' id='word_1_171' title='bbox 1780 4034 2008 4096; x_wconf 89' lang='lat' dir='ltr'>parum</span> <span class='ocrx_word' id='word_1_172' title='bbox 2043 4010 2312 4075; x_wconf 86' lang='lat' dir='ltr'>elluatus</span> <span class='ocrx_word' id='word_1_173' title='bbox 2348 4010 2487 4076; x_wconf 72' lang='lat' dir='ltr'>est?</span> 
     </span>
     <span class='ocr_line' id='line_1_41' title="bbox 1009 4095 2329 4191; baseline -0.001 -22"><span class='ocrx_word' id='word_1_174' title='bbox 1009 4114 1274 4191; x_wconf 86' lang='lat' dir='ltr'>paterna</span> <span class='ocrx_word' id='word_1_175' title='bbox 1308 4104 1532 4190; x_wconf 88' lang='lat' dir='ltr'>prima</span> <span class='ocrx_word' id='word_1_176' title='bbox 1523 4105 1864 4171; x_wconf 86' lang='lat' dir='ltr'>lancinata</span> <span class='ocrx_word' id='word_1_177' title='bbox 1897 4116 2045 4169; x_wconf 86' lang='lat' dir='ltr'>sunt</span> <span class='ocrx_word' id='word_1_178' title='bbox 2080 4095 2329 4169; x_wconf 84' lang='lat' dir='ltr'>bona:</span> 
     </span>
     <span class='ocr_line' id='line_1_42' title="bbox 1014 4197 2315 4287; baseline -0.002 -22"><span class='ocrx_word' id='word_1_179' title='bbox 1014 4199 1297 4266; x_wconf 85' lang='lat' dir='ltr'>secunda</span> <span class='ocrx_word' id='word_1_180' title='bbox 1331 4197 1570 4287; x_wconf 88' lang='lat' dir='ltr'>praeda</span> <span class='ocrx_word' id='word_1_181' title='bbox 1603 4198 1902 4264; x_wconf 87' lang='lat' dir='ltr'>Pontica:</span> <span class='ocrx_word' id='word_1_182' title='bbox 1949 4197 2095 4266; x_wconf 88' lang='lat' dir='ltr'>inde</span> <span class='ocrx_word' id='word_1_183' title='bbox 2132 4197 2315 4263; x_wconf 88' lang='lat' dir='ltr'>tertia</span> 
     </span>
    </p>
   </div>
  </div>
 </body>
</html>
