3225 5171
716 486 795 528 Ox
1480 483 1836 527 ADNOTATIO
1883 483 2127 526 CRITIOA

710 604 1020 666 Vahlenus
1063 606 1129 662 in
1171 604 1467 683 prooemio
1503 602 1626 662 ind.
1662 603 1796 662 lect.
1834 605 2038 663 aestiv.
2073 602 2268 662 Berol.
2305 621 2358 661 a.
2399 604 2581 677 1882,
2618 625 2674 682 p.
2711 605 2771 663 ⁷7.
2806 636 2899 650 —-

721 693 802 749 24
838 692 1132 747 novissimo
1165 688 1324 747 Itali.
1377 691 1670 746 novissime
1702 688 1777 761 V,
1817 695 1875 747 et
1910 690 1994 746 sic
2026 688 2447 748 Lachmannus
2484 697 2543 748 et
2573 689 2895 767 Hauptius.

720 774 824 835 sed
860 774 1008 833 haec
1040 772 1214 833 lectio
1249 777 1371 832 iam
1405 794 1442 831 a
1473 774 1546 832 R.
1566 773 1810 832 Klotzio
1842 772 2065 833 emend.
2106 772 2233 833 Cat.
2270 795 2325 852 p.
2353 775 2418 832 X
2451 776 2599 848 iure,
2635 777 2746 834 etsi
2771 795 2896 834 non

719 863 862 919 satis
907 858 1234 932 commode,
1288 861 1636 936 inpugnata.
1715 858 1899 917 verba
1944 877 2062 916 cum
2103 861 2313 917 veniret
2343 891 2431 900 —-
2473 862 2656 918 laeum
2706 863 2890 919 mani-

717 945 933 1005 festum
971 952 1058 1004 est
1084 943 1160 1002 ad
1198 943 1533 1020 augendam
1559 942 1788 1021 phaseli
1823 942 2060 1002 laudem
2086 942 2319 1003 adiecta
2349 963 2501 1003 esse:
2540 958 2897 1025 quamquam

718 1030 1128 1106 longissimum
1163 1032 1276 1088 iter
1309 1027 1449 1088 inde
1485 1049 1522 1086 a
1548 1028 1743 1087 Ponto
1769 1028 2019 1087 Euxino*
2043 1048 2230 1108 usque
2266 1028 2343 1087 ad
2368 1029 2565 1088 lacum
2593 1031 2897 1089 Benacum

721 1135 992 1175 emensus
1030 1122 1132 1185 est,
1169 1122 1370 1173 tamen
1406 1134 1732 1193 numquam
1765 1113 1975 1173 habuit
2000 1134 2105 1173 cur
2133 1113 2257 1173 deis
2293 1117 2693 1190 navigationis
2728 1134 2895 1193 prae-

721 1200 948 1259 sidibus
983 1207 1122 1258 vota
1154 1198 1388 1271 faceret,
1427 1219 1560 1257 cum
1594 1217 1673 1257 ne
1708 1198 1889 1257 semel
1923 1198 2164 1278 quidem
2196 1201 2261 1257 in
2294 1199 2596 1277 naufragii
2630 1200 2894 1279 periculo

719 1293 1070 1345 versaretur.
1157 1285 1304 1344 haec
1365 1287 1657 1342 sententia
1711 1287 2041 1343 necessario
2091 1284 2191 1342 hic
2250 1287 2591 1363 requiritur,
2647 1304 2899 1365 eamque

719 1374 1014 1428 novissimo
1049 1375 1327 1448 praestat,
1362 1389 1483 1427 non
1519 1370 1828 1442 novissime,
1874 1367 2033 1448 quod
2067 1369 2317 1428 mirifice
2352 1373 2595 1448 insuper
2625 1369 2891 1447 languet,

719 1475 907 1535 aeque
942 1475 1012 1513 ac
1045 1453 1205 1514 nude
1239 1455 1496 1533 positum
1528 1453 1683 1512 illud
1716 1475 1754 1512 a
1785 1457 1951 1511 mari.
2021 1453 2236 1513 Munro
2272 1475 2329 1533 p.
2369 1457 2446 1513 16
2468 1475 2512 1513 s.
2549 1454 2771 1514 multus
2807 1456 2903 1515 est

717 1545 785 1600 in
822 1538 1194 1601 defendendo
1232 1538 1527 1610 adverbi0,
1566 1539 1671 1598 sed
1702 1537 1938 1598 frustra.

846 1626 905 1684 V
942 1626 1020 1682 13
1067 1628 1199 1682 sciet
1242 1624 1458 1703 aliquis
1510 1624 1813 1683 Italorum.
1885 1627 2027 1682 sciat
2070 1623 2145 1697 V,
2192 1631 2250 1683 et
2294 1626 2379 1682 sic
2411 1624 2711 1703 Hauptius
2758 1642 2897 1684 cum

717 1711 1029 1790 plerisque.
1092 1720 1155 1769 at
1186 1708 1336 1768 illud
1373 1713 1625 1768 orationi
1652 1709 2028 1770 Catullianae
2063 1710 2253 1785 magis
2289 1712 2568 1768 convenit
2602 1708 2896 1769 firmatur-

718 1815 836 1874 que
871 1798 1131 1854 carmine
1163 1798 1406 1873 priapeo
1442 1794 1564 1852 LII
1601 1797 1700 1867 12,
1747 1802 1813 1853 ut
1856 1802 2014 1853 recte
2056 1792 2281 1852 iudicat
2314 1794 2707 1855 Buechelerus
2740 1807 2899 1855 mus.

718 1881 908 1940 Rhen.
929 1880 1154 1940 XVIII
1177 1881 1318 1937 401.
1374 1879 1735 1959 praecedens
1760 1882 1999 1937 sciamus
2027 1887 2218 1956 potest
2245 1899 2423 1938 causa
2452 1883 2663 1939 erroris
2690 1879 2891 1940 fuisse.

846 1966 938 2025 VI
977 1967 1011 2022 7
1067 1966 1390 2040 ecquidnam
1431 1956 1703 2022 tacitum?
1771 1965 1947 2022 cubile
1991 1983 2117 2040 ego,
2201 1967 2407 2039 nequid
2458 1984 2623 2039 quam
2668 1968 2895 2023 tacitum

706 2053 894 2109 ‘cubile
929 2049 1000 2123 O,
1037 2053 1398 2125 nequicquam
1436 2060 1474 2107 t.
1516 2068 1562 2107 0.
1602 2049 1678 2123 Gr,
1715 2057 1776 2109 et
1810 2053 1895 2108 sic
1930 2069 2064 2108 cum
2098 2048 2393 2128 plerisque
2418 2049 2738 2128 Hauptius,
2775 2052 2895 2109 nisi

719 2134 878 2216 quod
921 2138 1251 2211 nequiquam
1293 2138 1568 2213 reposuit.
1643 2134 1748 2193 sed
1793 2155 1909 2214 quo
1942 2132 2117 2193 modo
2155 2137 2378 2192 tacitum
2413 2133 2531 2193 dici
2573 2137 2762 2214 possit
2796 2155 2893 2194 011·

706 2221 838 2281 -bile
903 2223 1069 2280 cuius
1132 2223 1412 2294 arqutatio
1466 2221 1930 2294 inambulatioque
1978 2227 2183 2298 postea
2235 2229 2720 2279 commemoratur
2770 2241 2894 2279 non

717 2304 908 2364 video.
978 2323 1172 2384 neque
1214 2312 1404 2382 poeta,
1451 2308 1518 2378 si,
1563 2312 1632 2363 ut
1672 2312 1929 2383 putatur,
1978 2324 2261 2382 oxymoro
2306 2304 2406 2363 hic
2456 2308 2547 2363 uti
2589 2304 2891 2378 voluisset,

720 2409 968 2448 acumen
1012 2391 1136 2448 eius
1180 2389 1516 2466 infregisset
1565 2393 1897 2464 nequiquam
1938 2388 2226 2448 vocabulo
2263 2388 2491 2448 addito,
2581 2393 2895 2466 seiungen-

721 2475 862 2533 dum
912 2493 1039 2533 esse
1093 2478 1316 2532 tacitum
1359 2495 1396 2532 a
1436 2475 1678 2533 nomine
1728 2474 1888 2553 quod
1940 2476 2200 2553 sequitur
2248 2494 2373 2532 non
2423 2472 2739 2534 defuerunt
2789 2477 2894 2554 qui

717 2561 1132 2640 perspicerent,
1163 2559 1268 2619 sed
1293 2557 1526 2638 prolata
1553 2559 1628 2618 ab
1658 2561 1742 2619 eis
1768 2559 2167 2639 inprobabilia
2192 2563 2406 2633 omnia,
2427 2559 2893 2640 Baehrensiique

722 2652 1116 2705 commentum
1149 2648 1258 2703 vix
1289 2644 1672 2721 intellegitur.
1728 2664 1841 2721 ego
1876 2644 2035 2724 quod
2069 2648 2275 2722 scripsi
2311 2647 2639 2706 sententiae
2671 2649 2895 2725 pariter

719 2739 779 2791 et
822 2733 1076 2789 orationi
1121 2734 1264 2789 satis
1308 2729 1502 2789 facere
1544 2731 1833 2789 existimo.
1914 2729 1993 2787 ad
2035 2728 2285 2787 formam
2330 2733 2613 2788 orationis
2649 2731 2804 2789 conf.
2842 2750 2892 2789 c.

716 2816 963 2875 LXXX
1001 2817 1054 2875 7.
1108 2817 1462 2893 pronomina
1496 2817 1809 2890 ecquisnam
1846 2822 1904 2873 et
1938 2817 2222 2889 ecquinam
2255 2834 2292 2873 a
2324 2814 2585 2873 librariis
2619 2822 2897 2895 corrupta

718 2905 900 2961 etiam
939 2900 1227 2961 XXVIII
1265 2902 1301 2959 6
1340 2907 1398 2959 et
1431 2901 1497 2959 X
1533 2902 1588 2959 8.
1632 2931 1718 2940 —
1764 2901 1799 2958 9
1846 2909 1898 2957 et
1940 2900 2045 2957 hac
2089 2908 2140 2958 et
2180 2901 2315 2958 illac
2349 2919 2475 2976 ege.
2548 2900 2702 2961 conf.
2741 2900 2794 2958 L
2832 2899 2891 2959 5.

718 2997 770 3045 et
811 2988 908 3043 hec
943 2985 1103 3062 (sscr.
1140 2982 1251 3060 hie)
1289 2995 1340 3043 et
1382 2987 1479 3043 illo
1514 2982 1681 3060 (sscr.
1715 2981 1833 3060 ille)
1871 2983 1944 3044 Gr.
2018 2994 2070 3042 et
2102 2985 2237 3042 haec
2272 2995 2323 3043 et
2358 2988 2454 3043 illo
2490 2982 2562 3044 O.
2634 2994 2684 3043 et
2718 2985 2806 3043 hic
2840 2995 2893 3043 et

717 3074 811 3130 ille
844 3070 1262 3129 Lachmannus
1299 3078 1359 3129 et
1390 3069 1692 3148 Hauptius
1729 3089 1805 3129 ex
1837 3070 1915 3128 D.
1950 3100 2036 3109 —-
2075 3070 2153 3127 12
2188 3072 2300 3127 iam
2343 3079 2401 3127 tu
2445 3073 2558 3128 ista
2600 3072 2724 3146 ipse
2757 3071 2895 3128 nihil

715 3159 874 3213 vales
909 3165 1094 3213 tacere
1128 3157 1351 3233 scripsi.
1432 3176 1562 3212 nam
1605 3157 1776 3213 inista
1819 3153 1906 3230 (ni
1937 3157 2049 3212 ista
2084 3151 2165 3230 Gr)
2210 3158 2463 3229 prevalet
2497 3156 2664 3212 nichil
2709 3164 2897 3213 tacere

716 3241 791 3299 V.
871 3260 999 3296 nam
1042 3243 1122 3297 nil
1164 3250 1368 3315 stupra
1411 3242 1581 3310 valet,
1636 3241 1791 3311 nihil,
1838 3250 1878 3297 t.
1925 3240 2143 3318 partim
2197 3239 2271 3299 de
2316 3239 2631 3317 Scaligeri,
2675 3243 2893 3318 partim

719 3324 794 3385 de
825 3324 1200 3406 Lachmanni
1245 3328 1583 3383 coniectura
1615 3324 1933 3403 HauptiuS,
1980 3343 2156 3404 quem
2196 3324 2466 3404 plerique
2498 3328 2894 3384 recentiorum

717 3413 903 3469 secuti
946 3416 1101 3469 sunt.
1171 3428 1377 3469 verum
1412 3407 1564 3467 illud
1599 3429 1729 3466 nam
1762 3411 1813 3469 si
1847 3411 2147 3482 retinetur,
2197 3412 2582 3486 interrogatio
2619 3429 2770 3489 quae
2806 3428 2893 3469 se·

682 3514 687 3519 ·
717 3498 919 3576 quitur
961 3493 1105 3573 quid
1148 3494 1263 3553 sibi
1304 3494 1452 3553 velit
1492 3514 1616 3552 non
1657 3494 1957 3571 intellego,
2030 3493 2245 3555 deinde
2290 3505 2493 3571 stupra
2535 3503 2771 3574 poetam
2815 3511 2896 3555 ne

713 3600 821 3660 per
854 3582 1048 3640 iocum
1092 3578 1333 3659 quidem
1365 3578 1568 3638 Flavii
1614 3591 1842 3638 amores
1876 3598 2088 3638 vocare
2128 3583 2391 3658 potuisse
2425 3579 2615 3639 cred0.
2683 3582 2896 3639 omitto

718 3668 853 3727 alia.
927 3665 1174 3745 adparet
1206 3672 1404 3724 autem
1431 3664 1735 3725 Catullum
1760 3667 2009 3723 transire
2037 3664 2135 3723 hic
2162 3663 2239 3722 ad
2273 3684 2492 3723 novam
2518 3667 2890 3736 sententiam,

716 3752 794 3811 ad
827 3751 1077 3811 alterum
1111 3750 1319 3808 furtivi
1355 3753 1571 3808 amoris
1605 3749 1923 3808 indiciumt
1960 3747 2115 3807 dixit
2151 3748 2226 3809 de
2258 3750 2469 3809 habitu
2504 3749 2733 3824 cubilis„
2769 3752 2893 3808 iam

714 3836 794 3895 ad
836 3840 1095 3915 corporis
1138 3835 1411 3894 habitum
1454 3836 1640 3914 ipsius
1683 3836 1858 3893 amici
1899 3837 2113 3912 pergit,
2158 3835 2263 3913 qui
2303 3837 2587 3893 transitus
2634 3854 2757 3893 non
2791 3854 2893 3913 po-

713 3929 866 3980 terat
909 3942 1029 3979 11011
1073 3924 1204 3998 ipsa
1249 3922 1533 3979 orationis
1576 3918 1768 3978 forma
1811 3919 2151 3995 significari.
2233 3918 2601 3997 synaloepha
2644 3920 2709 3978 in
2760 3919 2893 3978 basi

713 4005 1344 4083 hendecasyllaborum
1389 4007 1626 4083 saepius
1671 4004 1928 4063 admissa
1962 4012 2064 4076 est,
2107 4007 2419 4084 ipsumque
2461 4002 2526 4063 id
2562 4004 2724 4083 quod
2757 4024 2894 4063 con·

714 4096 938 4151 iectura
986 4094 1053 4149 in
1103 4089 1262 4149 hunc
1312 4089 1508 4149 locum
1558 4089 1736 4147 intuli
1787 4088 1970 4147 habes
2016 4108 2064 4147 c.
2101 4088 2166 4146 X
2202 4090 2299 4148 33.
2380 4091 2527 4146 valet
2578 4108 2686 4167 pro
2737 4092 2898 4147 vales

714 4194 904 4253 genus
940 4178 1150 4235 erroris
1193 4173 1350 4234 haud
1399 4193 1597 4233 rarum
1630 4176 1697 4231 in
1739 4174 1909 4233 libris
1947 4172 2318 4234 Catullianis⁴
2391 4173 2511 4233 vid.
2551 4174 2822 4253 exempla
2856 4193 2900 4231 a

712 4262 1010 4322 Munrone
1042 4280 1100 4340 p.
1140 4260 1219 4319 27
1258 4259 1520 4320 collecta.
