3225 5171
732 404 867 474 xxti
1601 413 2059 471 Pizomeoifflm.

732 551 893 610 idem
919 548 1126 610 Cicero
1160 550 1226 606 in
1257 547 1417 606 binis
1451 547 1663 606 litteris
1698 567 1750 606 a.
1790 541 2018 627 695159
2057 545 2135 605 ad
2171 545 2421 606 eundem
2456 544 2734 619 datis,·11
2763 546 2841 602 12
2872 546 2936 602 2·

735 646 798 695 et
834 637 914 694 14
951 637 1007 706 1,
1054 633 1194 693 dum
1241 630 1315 691 de
1358 632 1427 690 P.
1466 631 1676 692 Clodio
1724 636 1965 711 eiusque
2010 651 2207 691 sorore
2254 631 2530 710 loquitur,
2583 634 2795 707 tangit,
2845 637 2914 690 ut

729 721 813 780 ab
847 721 940 778 his
976 718 1323 798 adparatum
1344 714 1538 777 'fuisse
1571 719 1701 776 veri
1737 719 1813 777 sit
1849 716 2055 791 simile,
2091 717 2157 775 id
2184 717 2345 796 quod
2377 737 2484 796 pro
2511 724 2668 776 certo
2703 715 2915 775 habuit

736 807 1117 867 Drumannus
1151 803 1226 876 V,
1263 823 1319 881 p.
1358 803 1458 862 80.

863 891 983 948 Tot
1031 892 1215 965 igitur
1263 895 1576 967 tantasque
1629 894 1689 947 et
1737 890 1804 945 in
1854 890 2121 965 personis
2175 894 2235 946 et
2274 891 2342 946 in
2382 886 2558 947 rebus
2606 888 2914 963 utriusque

736 974 996 1035 mulieris
1046 973 1460 1033 similitudines
1515 975 1647 1052 quis
1700 972 1817 1031 sibi
1868 972 2245 1050 persuadebit
2295 975 2458 1031 casui
2509 970 2913 1030 attribuendas

738 1059 906 1120 esse?
950 1081 1027 1118 an
1070 1067 1136 1118 tu
1177 1066 1410 1137 praeter
1455 1056 1726 1117 Clodiam
1759 1055 1836 1129 Ω.
1872 1056 2102 1116 Metelli
2147 1056 2371 1117 Celeris
2414 1075 2660 1116 uxorem
2701 1063 2915 1114 matro-

738 1166 878 1205 nam
921 1143 1185 1218 eiusdem
1237 1146 1496 1203 nominis
1548 1152 1608 1202 et
1654 1145 1862 1202 aetatis
1913 1145 2151 1215 novisti,
2205 1146 2273 1201 in
2317 1162 2434 1222 qua
2476 1141 2757 1200 Lesbiam
2801 1138 2914 1199 Ca·

732 1230 1045 1290 tullianam
1089 1229 1292 1307 aliqua
1335 1249 1467 1287 cum
1507 1227 1927 1306 probabilitate
1970 1225 2338 1305 adgnoscasP
2389 1225 2784 1305 reputandum
2826 1236 2916 1285 est

732 1319 932 1387 etiam,
987 1335 1106 1394 qua
1150 1313 1224 1373 de
1266 1332 1329 1372 re
1373 1313 1587 1371 Munro
1634 1312 1673 1372 l.
1720 1332 1768 1370 c.
1814 1333 1870 1390 p.
1911 1313 2029 1370 196
2077 1319 2136 1372 et
2182 1314 2303 1372 198
2346 1313 2591 1384 monuit,
2635 1311 2914 1388 vulgares

735 1404 991 1459 nominis
1030 1397 1192 1480 quod
1227 1404 1315 1456 est
1351 1396 1699 1456 Claudius
1737 1397 1956 1456 formas
2002 1396 2300 1457 Clodius
2338 1395 2594 1456 Clodia
2635 1400 2703 1455 in
2735 1403 2924 1473 gente

736 1485 992 1545 Claudia
1033 1492 1093 1543 et
1143 1486 1392 1561 patricia
1436 1490 1495 1542 et
1536 1482 1771 1561 plebeia
1816 1497 2083 1561 perraras
2128 1501 2271 1555 esse,
2324 1486 2637 1561 ipsumque
2683 1489 2920 1559 patrem*

735 1570 985 1630 Clodiae
1018 1567 1476 1648 quadrantariae
1503 1567 1768 1646 duosque
1792 1566 2002 1626 fratres
2037 1575 2182 1626 natu
2215 1564 2467 1626 maiores
2502 1586 2718 1626 nomen
2744 1586 2916 1626 suum

735 1654 959 1732 gentile
991 1672 1099 1733 per
1134 1652 1568 1732 diphthongum
1603 1655 1922 1730 scripsisse,
1960 1673 2092 1712 cum
2125 1652 2308 1712 frater
2349 1655 2628 1711 minimus
2661 1650 2915 1711 Publius

734 1747 795 1799 et
827 1748 944 1798 tres
983 1750 1208 1798 sorores
1244 1741 1370 1797 eius
1406 1744 1507 1797 aut
1550 1741 1668 1815 ipsi
1703 1737 1947 1796 alteram
1989 1736 2239 1797 formam
2281 1737 2647 1815 praeferrent
2690 1745 2794 1796 aut
2834 1737 2913 1795 ab

734 1824 1080 1903 aequalibus
1117 1821 1412 1882 ‘Clodius'
1451 1829 1510 1881 et
1546 1822 1561 1850 ‘
1579 1821 1817 1881 Clodia’
1856 1821 2196 1882 dicerentur.
2224 1820 2473 1897 (unicuS‚
2520 1821 2678 1900 quod
2713 1825 2911 1894 sciam,

732 1909 895 1969 locus
931 1929 1046 1989 quo
1085 1905 1155 1982 Ω.
1191 1907 1423 1967 Metelli
1462 1927 1615 1966 uxor
1651 1906 1958 1967 ‘Claudia’
2005 1906 2339 1986 adpellatur
2382 1914 2471 1968 est
2511 1909 2578 1965 in
2621 1907 2834 1966 litteris
2877 1927 2917 1965 a

737 1993 1022 2054 Cicerone
1046 2014 1098 2052 a.
1129 1989 1358 2070 692162
1388 1991 1466 2051 ad
1489 1996 1685 2070 ipsum
1704 1991 2009 2051 Metellum
2037 1990 2207 2065 datis,
2238 1996 2405 2071 epist.
2436 1990 2513 2050 ad
2540 1991 2677 2050 fam.
2696 1992 2755 2052 V
2773 1993 2811 2048 2
2832 1989 2916 2065 6).

732 2078 887 2138 conf.
925 2078 1001 2139 de
1037 2078 1260 2156 duplici
1294 2081 1550 2137 nominis
1585 2076 1776 2137 forma
1800 2077 2183 2136 Drumannus
2209 2078 2294 2151 11,
2321 2097 2378 2156 p.
2408 2077 2549 2134 200.
2604 2095 2638 2136 e
2671 2076 2915 2155 reliquis

692 2162 697 2168 ’
734 2172 932 2223 autem
956 2171 1190 2242 praeter
1216 2163 1697 2242 quadrantariam
1721 2162 2017 2222 sororibus
2043 2161 2265 2235 Publii,
2302 2181 2449 2241 quas
2477 2170 2535 2222 et
2568 2165 2731 2239 ipsas
2756 2163 2917 2221 mala

733 2249 894 2307 fama
927 2247 1229 2307 laborasse
1261 2267 1468 2307 verum
1503 2256 1606 2319 est,
1652 2266 1731 2306 ne
1774 2247 2020 2307 alteram
2059 2255 2254 2306 utram
2296 2266 2403 2325 pro
2437 2247 2659 2306 Lesbia
2696 2245 2916 2306 Catulli

732 2333 1054 2392 habeamus
1099 2352 1277 2391 causa
1319 2335 1670 2408 gravissima
1713 2333 2106 2409 prohibemur.
2176 2348 2427 2409 quarum
2462 2352 2609 2403 una,
2654 2335 2917 2391 omnium

734 2439 998 2477 sororum
1023 2426 1169 2476 natu
1192 2421 1468 2488 maxima,
1491 2413 1563 2488 Ω.
1583 2418 1808 2475 Marcio
1827 2419 2000 2493 Regi,
2021 2417 2249 2476 consuli
2267 2437 2318 2475 a.
2338 2413 2585 2494 686168,
2615 2426 2913 2495 nupserat,
2987 2474 2991 2478 .

730 2522 910 2581 quem
936 2510 1074 2560 ante
1100 2523 1321 2561 annum
1349 2499 1572 2578 693161
1603 2509 1850 2560 mortem
1876 2502 2069 2561 obisse
2096 2505 2309 2561 scimus
2334 2501 2513 2579 (conf.
2530 2501 2916 2562 Drumannus

733 2589 817 2661 H,
853 2610 910 2668 p.
951 2583 1116 2661 376).
1189 2607 1258 2647 eo
1294 2594 1491 2647 autem
1535 2607 1692 2646 anno
1727 2585 2006 2646 Lesbiam
2049 2591 2322 2647 maritam
2366 2592 2545 2647 etiam
2588 2588 2771 2647 fuisse
2811 2587 2916 2647 ad·

733 2674 980 2752 parebit,
1034 2672 1141 2732 ubi
1186 2671 1260 2731 de
1309 2676 1588 2751 temporis
1632 2692 1749 2751 quo
1798 2669 2067 2731 Catullus
2118 2691 2249 2733 eam
2300 2673 2538 2732 amabat
2586 2673 2915 2734 rationibus

731 2778 1110 2836 exponemus.
1189 2758 1467 2837 idemque
1527 2765 1937 2833 argumentum
2007 2764 2170 2817 vetat
2230 2757 2307 2817 de
2367 2757 2711 2818 Clodiarum
2768 2766 2918 2819 natu

731 2848 979 2903 minima
1030 2846 1297 2920 cogitari,
1353 2863 1531 2922 quam
1580 2842 1652 2900 L.
1704 2841 1974 2902 Licinius
2025 2842 2310 2903 Lucullus
2360 2847 2429 2902 in
2478 2846 2917 2903 matrimonium

733 2928 1003 2989 duxerat.
1075 2932 1178 3008 qui
1213 2947 1291 2989 ex
1322 2927 1482 2988 bello
1516 2926 1921 2986 Mithridatico
1955 2929 2207 2988 Romam
2239 2945 2509 2988 reversus
2552 2948 2685 2987 cum
2727 2947 2916 2988 uxore

731 3013 1053 3074 divortium
1112 3014 1255 3073 fecit
1315 3031 1560 3091 eamque
1611 3033 1664 3071 a.
1721 3008 1946 3089 693161
2002 3013 2240 3091 publice
2293 3015 2481 3093 stupri
2542 3033 2674 3073 cum
2732 3012 2916 3073 fratre

735 3118 1016 3176 germano
1052 3097 1196 3157 facti
1231 3098 1601 3156 insimulavit
1636 3094 1816 3173 (conf.
1851 3097 2236 3157 Drumannus
2270 3099 2355 3172 11,
2392 3119 2449 3178 p.
2488 3099 2611 3156 212
2649 3106 2711 3158 et
2746 3096 2913 3174 382).

859 3184 1068 3241 Restat
1109 3191 1176 3239 ut
1216 3201 1404 3240 unum
1457 3181 1797 3258 scrupulum
1839 3201 2247 3242 removeamus
2291 3185 2395 3263 qui
2446 3203 2570 3242 non
2611 3182 2793 3243 nullis
2837 3183 2913 3244 ab

732 3275 929 3326 aetate
948 3265 1194 3327 Clodiae
1213 3266 1670 3345 quadrantariae
1696 3268 1950 3325 iniectus
1978 3275 2083 3327 est.
2120 3286 2274 3346 quae
2302 3288 2436 3327 cum
2464 3275 2611 3327 teste
2631 3267 2915 3328 Cicerone

732 3355 798 3411 in
835 3350 1123 3411 Caeliana
1158 3350 1192 3425 ὃ
1232 3352 1309 3409 36
1347 3353 1537 3410 maior
1569 3349 1749 3409 fuerit
1783 3351 1964 3411 fratre
1996 3351 2233 3425 Publio,
2269 3354 2320 3411 is
2355 3362 2568 3425 autem,
2605 3353 2804 3432 quoad
2840 3373 2916 3413 ex

732 3437 1178 3513 magistratibus
1213 3436 1289 3495 ab
1318 3455 1387 3495 eo
1422 3437 1623 3513 petitis
1658 3431 1958 3515 gestisque
1984 3437 2257 3497 concludi
2282 3437 2437 3512 licet,
2474 3457 2526 3495 a.
2556 3433 2786 3516 661193
2815 3438 2914 3498 vel

736 3517 965 3601 662192
1012 3525 1077 3580 in
1121 3520 1313 3580 lucem
1357 3519 1548 3580 editus
1600 3519 1902 3594 videatur,
1957 3522 2303 3583 Schwabius
2352 3544 2410 3602 p.
2459 3521 2538 3580 59
2591 3530 2914 3600 praeeunte

732 3607 1200 3684 Iungclausseno
1235 3627 1293 3685 p.
1332 3608 1368 3665 8
1406 3606 1571 3664 illam
1607 3627 1660 3666 a.
1700 3604 1928 3686 659195
1966 3608 2065 3666 vel
2102 3603 2333 3685 660194
2369 3611 2570 3667 natam
2613 3626 2739 3667 esse
2782 3628 2914 3687 pro-

732 3693 1010 3753 babiliter
1045 3693 1264 3752 statuit.
1318 3693 1517 3770 itaque
1547 3688 1835 3764 Catullus,
1873 3694 1923 3750 si
1949 3689 2308 3772 Hieronymi
2344 3691 2419 3752 de
2452 3692 2751 3752 natalibus
2786 3694 2912 3753 eius

733 3779 1069 3836 testimonio
1107 3775 1473 3850 confidimus,
1513 3783 1737 3854 septem
1764 3785 1971 3836 octove
2007 3780 2178 3837 annis
2207 3797 2277 3837 ea
2305 3775 2517 3838 Clodia
2542 3780 2734 3836 minor
2767 3787 2908 3851 erat,

735 3864 828 3920 sin
872 3874 1070 3921 autem
1120 3869 1358 3940 poetam
1412 3882 1568 3920 anno
1616 3859 1852 3921 demum
1900 3859 2129 3940 672182
2171 3870 2377 3921 natum
2431 3880 2558 3922 esse
2608 3866 2908 3936 sumimus,

736 3945 895 4026 quod
928 3946 1087 4004 infra
1119 3946 1370 4024 probare
1404 3946 1677 4019 conabor,
1713 3948 2025 4005 minimum
2062 3946 2389 4006 duodecim.
2460 3967 2579 4026 qua
2612 3956 2814 4007 tamen
2848 3950 2912 4006 in

734 4051 800 4091 re
834 4052 938 4090 cur
974 4030 1340 4090 offendamus
1382 4030 1533 4089 nihil
1568 4037 1674 4090 est.
1745 4033 1919 4090 istam
1955 4034 2113 4091 enim
2155 4030 2462 4090 mulierem
2504 4051 2704 4092 nonne
2747 4040 2944 4098 tanta,

734 4116 917 4176 fuisse
967 4124 1276 4176 venustate
1338 4117 1552 4174 scimus
1611 4122 1680 4173 ut
1738 4135 1895 4175 anno
1958 4118 2136 4176 etiam
2190 4111 2446 4193 698156,
2510 4136 2644 4175 cum
2697 4115 2914 4177 duode-

735 4201 1131 4281 quadraginta
1164 4203 1475 4260 minimum
1511 4219 1800 4259 annorum
1835 4209 2003 4275 esset,
2046 4209 2136 4260 tot
2167 4203 2413 4261 iuvenes
2447 4200 2757 4262 lenociniis
2791 4204 2913 4262 suis
