3225 5171
1203 443 1661 488 PROLEGOMENA
2421 443 2527 483 m

346 568 750 639 inveniuntur,
796 585 918 625 non
958 582 1319 644 praenomen
1361 564 1682 641 gentiliciO,
1736 561 1839 621 sed
1884 580 2210 639 cognomen
2256 559 2524 619 additum

352 649 464 727 est)
501 651 822 730 frigidique
857 653 984 710 sine
1013 650 1191 710 dubio
1228 649 1388 729 apud
1421 649 1579 707 hunc
1606 648 1790 706 animi
1824 649 2075 723 signum,
2114 655 2171 706 et
2197 645 2530 705 sublimitas

349 737 665 795 verborum
701 738 978 795 universa
1013 735 1220 794 similis
1254 734 1414 793 illius
1450 754 1568 813 qua
1601 736 1667 791 in
1702 733 1977 791 carminis
2001 731 2098 789 XI
2131 740 2298 810 parte
2332 734 2526 810 priore

348 823 524 880 Furii
558 829 618 881 et
642 820 876 880 Aurelii
909 822 975 879 in
1010 840 1072 880 se
1107 820 1285 878 fidem
1311 820 1750 897 amicitiamque
1782 824 1958 894 poeta
1993 816 2310 894 praedicat,
2347 836 2527 895 quam

350 927 473 965 non
529 909 818 965 sinceram
869 904 1381 964 conlaudationem
1435 923 1560 964 esse
1611 909 1746 981 post
1788 901 2010 961 Naekii
2063 900 2139 961 de
2182 919 2254 960 ea
2303 920 2368 960 re
2412 901 2530 960 dis-

349 993 720 1071 putationem
765 1010 801 1048 a
844 992 1053 1069 quovis
1097 989 1450 1050 conceditur.
1523 987 1739 1047 deinde
1782 1007 1903 1046 vox
1938 990 2199 1062 patroni,
2253 1006 2372 1064 qua
2416 985 2526 1045 Ca-

348 1076 532 1136 tullus
572 1078 639 1136 in
682 1076 802 1135 fine
845 1076 1122 1135 carminis
1172 1077 1380 1147 utitur,
1437 1093 1512 1134 ex
1554 1076 1640 1133 eis
1686 1082 1771 1132 est
1816 1090 1969 1151 quae
2011 1072 2135 1131 fere
2186 1073 2526 1147 genetivum

352 1162 712 1221 obiectivum
737 1162 841 1240 qui
877 1160 1090 1219 dicitur
1124 1180 1198 1221 ex
1234 1179 1295 1219 se
1330 1168 1532 1237 aptum
1565 1158 1806 1230 habent,
1843 1156 2291 1236 adpellaturque
2319 1155 2529 1216 Cicero

353 1247 642 1305 ‘omnium
691 1245 999 1324 patronus’
1045 1266 1083 1304 a
1132 1244 1392 1304 Caecina
1442 1245 1606 1322 epist.
1661 1242 1739 1302 ad
1789 1242 1974 1301 famil.
2019 1242 2111 1302 VI
2158 1243 2193 1299 7
2240 1244 2296 1299 4.
2367 1240 2527 1320 quod

354 1352 711 1411 quamquam
747 1334 934 1390 amice
969 1338 1027 1391 et
1060 1332 1125 1389 in
1159 1329 1394 1390 laudem
1431 1331 1678 1387 oratoris
1713 1327 1788 1387 ab
1816 1327 1918 1385 illo
1951 1337 2038 1386 est
2073 1325 2312 1400 dictum,
2348 1326 2527 1386 facile

350 1424 553 1477 tamen
586 1416 953 1492 intellegitur
988 1418 1165 1475 etiam
1201 1415 1276 1475 ab
1305 1414 1657 1474 adversariis
1684 1411 2062 1489 vituperandi
2089 1431 2266 1471 causa
2294 1419 2396 1470 aut
2421 1430 2528 1490 per

351 1501 674 1560 ludibrium
717 1500 836 1559 dici
877 1503 1153 1579 potuisse.
1199 1518 1393 1578 neque
1441 1498 1653 1558 desunt
1693 1499 1949 1574 vestigia
1992 1516 2145 1576 quae
2181 1496 2528 1557 Ciceronem

352 1604 418 1645 re
452 1605 595 1645 vera
638 1587 763 1645 eius
806 1585 969 1644 modi
1013 1584 1520 1644 criminationibus
1565 1585 1798 1662 saepius
1840 1590 2122 1642 vexatum
2166 1601 2292 1642 esse
2336 1590 2529 1641 osten-

355 1670 512 1729 dant.
584 1674 711 1749 ipse
744 1673 810 1730 in
854 1677 996 1729 orat.
1040 1690 1147 1748 pro
1186 1670 1293 1730 Cn.
1329 1669 1579 1728 Plancio
1617 1667 1650 1742 ἓ
1690 1670 1771 1727 84
1817 1687 1880 1727 se
1916 1689 1952 1726 a
1985 1669 2067 1726 M.
2101 1668 2376 1726 Iuventio
2410 1667 2527 1725 La-

353 1757 570 1815 terensi
616 1755 1035 1833 reprehensum
1087 1774 1214 1815 esse
1264 1761 1514 1815 testatur
1557 1754 1717 1834 quod
1767 1756 2016 1812 nimium
2067 1753 2281 1811 multos
2325 1751 2526 1812 defen-

354 1839 543 1912 deret,
615 1848 674 1899 et
731 1840 891 1919 apud
949 1839 1519 1900 Pseudosallustium
1577 1843 1793 1899 invect.
1857 1839 1893 1896 3
1959 1839 1995 1896 5
2062 1838 2524 1897 ‘mercennarius

352 1925 659 2003 patronus’
704 1925 884 1985 audit.
930 1926 1085 1985 conf.
1129 1928 1307 1984 etiam
1344 1924 1467 1984 Cic.
1510 1926 1575 1982 in
1609 1925 1811 1983 Vatin.
1858 1921 1891 1997 ἓ
1929 1924 1985 1980 5.
2040 1922 2285 2000 adparet
2327 1931 2526 1981 autem

352 2009 501 2068 talia
534 2010 697 2069 nullo
731 2019 993 2088 tempore
1027 2012 1237 2070 iustius
1274 2012 1330 2068 ei
1364 2010 1521 2068 obici
1553 2010 1815 2086 potuisse
1841 2027 2019 2085 quam
2054 2026 2185 2064 cum
2214 2027 2264 2064 a.
2295 2000 2524 2083 700l54

355 2094 629 2154 Caesaris
664 2096 961 2154 voluntati
996 2095 1307 2155 obsecutus
1343 2093 1595 2152 eundem
1631 2093 1937 2153 Vatinium
1971 2092 2033 2148 in
2067 2090 2287 2150 iudicio
2324 2089 2525 2149 defen-

354 2179 519 2239 deret
560 2199 737 2259 quem
781 2179 1011 2238 duobus
1054 2182 1226 2238 annis
1271 2185 1408 2236 ante
1449 2179 1513 2235 in
1557 2196 1740 2235 causa
1780 2176 1850 2235 P.
1897 2175 2076 2234 Sestii
2117 2183 2185 2234 ut
2227 2175 2526 2235 hominem

352 2264 866 2324 sceleratissimum
901 2263 1219 2342 odiumque
1260 2262 1564 2340 publicum
1596 2261 2107 2323 vehementissime
2151 2262 2524 2337 exagitasset.

344 2369 470 2428 -qua
522 2348 763 2428 quidem
805 2347 1148 2408 defensione
1191 2354 1411 2427 quanto
1465 2365 1641 2425 opere
1691 2346 1791 2406 vel
1847 2347 2152 2424 aequiores
2203 2348 2525 2407 amicorum

351 2453 595 2493 suorum
637 2431 948 2492 offenderit
994 2452 1069 2492 ex
1112 2434 1279 2511 epist.
1325 2432 1403 2491 ad
1447 2431 1632 2491 famil.
1679 2432 1714 2490 Ι
1759 2433 1794 2489 9
1832 2433 1872 2488 4
1917 2431 2299 2508 intellegitur.
2370 2431 2522 2496 conf.

349 2525 655 2599 praeterea
685 2516 1145 2577 Pseudosallust.
1182 2521 1302 2576 inv.
1340 2537 1383 2576 s.
1411 2516 1478 2574 f.:
1528 2517 1760 2576 ‘Vatini
1804 2536 2039 2575 causam
2075 2517 2239 2594 agis.’
2311 2515 2525 2596 quodsi

349 2612 561 2683 reputo
596 2606 660 2662 in
696 2623 768 2664 ea
795 2623 972 2663 causa
1000 2603 1065 2663 C.
1094 2605 1394 2665 Licinium
1423 2603 1694 2675 Calvum,
1730 2602 2254 2661 familiarissimum
2285 2602 2521 2676 Catulli,

351 2691 708 2749 accusatoris
749 2698 945 2767 partes
997 2689 1334 2762 obtinuisse,
1388 2691 1581 2767 ipsum
1634 2696 1830 2748 autem
1876 2686 2193 2760 Catullum,
2249 2696 2314 2745 ut
2364 2686 2525 2746 infra

350 2773 699 2847 videbimuS,
736 2776 889 2834 inter
922 2773 1228 2834 audientes
1262 2774 1460 2845 fuisse,
1500 2776 1742 2851 eiusque
1775 2775 1841 2831 in
1867 2772 2174 2831 Vatinium
2209 2771 2410 2831 odium
2445 2790 2522 2830 ex

352 2879 404 2918 c.
437 2859 561 2917 LII
603 2862 872 2939 perspici,
919 2859 1113 2920 facere
1147 2880 1268 2918 non
1302 2878 1538 2937 possum
1575 2860 1720 2935 quin
1766 2859 1938 2915 istam
1975 2855 2277 2915 Ciceronis
2322 2854 2523 2916 defen-

350 2946 576 3004 sionem
611 2945 842 3003 Vatinii
874 2946 939 3003 in
974 2944 1092 3003 fine
1129 2946 1315 3004 nostri
1362 2945 1638 3002 carminis
1674 2962 1711 2999 a
1743 2949 1919 3019 poeta
1962 2941 2350 3018 significatam
2394 2960 2522 3001 esse

352 3050 487 3088 cum
513 3029 858 3088 Woelfflino
895 3049 1179 3090 censeam.
1238 3027 1486 3087 relicum
1522 3034 1610 3085 est
1643 3035 1711 3084 ut
1737 3045 2086 3105 quaeramus
2121 3045 2225 3084 cur
2252 3024 2521 3086 Catullus

350 3115 573 3191 gratias
623 3116 912 3172 maximas
965 3116 1179 3174 oratori
1232 3131 1408 3189 agere
1458 3111 1745 3170 videatur.
1831 3131 1972 3170 nam
2031 3120 2232 3189 aperte
2283 3110 2347 3170 id
2399 3131 2520 3171 non

351 3198 663 3276 eloquitur.
734 3197 837 3257 sed
874 3218 1005 3257 cum
1039 3201 1102 3258 in
1145 3200 1277 3276 ipsa
1309 3197 1420 3256 hac
1464 3199 1785 3272 gratiarum
1822 3198 2052 3256 actione
2095 3215 2159 3256 se
2201 3198 2521 3274 pessimum

352 3284 618 3343 omnium
651 3290 884 3360 poetam
916 3291 1088 3343 vocet
1121 3301 1308 3361 eaque
1340 3283 1525 3342 verba
1559 3280 1775 3341 exinde
1808 3289 2035 3359 repetat
2068 3283 2152 3340 ita
2186 3289 2253 3340 ut
2289 3279 2521 3341 Cicero-

348 3388 488 3429 nem
522 3376 836 3446 patronum
871 3367 1104 3427 sibimet
1136 3375 1344 3445 poetae
1377 3374 1653 3445 opponat,
1700 3366 1960 3426 dubitari
1993 3387 2113 3426 non
2147 3374 2341 3446 potest
2375 3369 2520 3447 quin

350 3454 429 3512 ad
462 3454 734 3532 iniquum
760 3451 1001 3530 aliquod
1042 3452 1205 3510 illius
1240 3451 1312 3511 de
1347 3454 1466 3511 suis
1495 3452 1854 3511 carminibus
1887 3452 2172 3511 iudicium
2206 3454 2428 3513 ironice
2463 3461 2523 3512 et

351 3558 485 3597 cum
511 3538 725 3598 acerba
752 3536 1130 3596 cavillatione
1155 3538 1520 3615 respondeat.
1565 3536 1724 3616 quod
1752 3537 2037 3595 iudicium
2062 3545 2258 3596 utrum
2284 3537 2520 3616 publice

353 3622 560 3683 Cicero
597 3644 673 3682 an
709 3621 1226 3700 privatimfecerit
1260 3624 1393 3682 sciri
1429 3643 1549 3681 non
1584 3629 1792 3700 potest,
1836 3641 2028 3701 neque
2062 3621 2140 3680 ad
2174 3622 2526 3698 intellegen-

349 3710 494 3767 tiam
530 3709 806 3767 carminis
842 3709 993 3767 scitu
1029 3727 1175 3784 opus
1210 3715 1312 3780 est,
1360 3706 1464 3768 sed
1496 3727 1708 3785 parum
1748 3707 2039 3784 placuisse
2076 3708 2132 3765 ei
2164 3708 2373 3784 poesin
2408 3705 2520 3766 Ca-

349 3793 662 3852 tullianam
697 3793 837 3853 inde
873 3800 961 3852 est
997 3791 1390 3868 colligendum
1425 3792 1583 3872 quod
1618 3799 1883 3850 veterum
1916 3793 2221 3870 poetarum
2267 3790 2529 3851 admira-

341 3886 440 3938 -tor
490 3881 729 3938 omnino
782 3896 949 3938 secus
1002 3877 1378 3937 existimabat
1431 3877 1504 3937 de
1555 3897 1841 3937 novorum
1888 3876 2124 3949 studiis,
2178 3897 2296 3956 qua
2338 3875 2412 3936 de
2454 3897 2531 3937 re*

347 3962 505 4023 infra
540 3967 869 4022 accuratius
906 3961 1320 4040 exponendum
1364 3965 1489 4022 erit.
1560 3964 1681 4021 iam
1725 3964 1776 4021 si
1818 3964 1904 4020 ita
1948 3970 2015 4021 ut
2056 3961 2185 4021 dixi
2220 3982 2267 4020 c.
2303 3963 2519 4022 XLIX

340 4050 660 4150 accipitur,
722 4050 961 4126 ingenio
1016 4047 1352 4108 Catulliano
1415 4046 1661 4124 dignum
1714 4054 1803 4107 est
1860 4046 2154 4126 habetque
2216 4050 2528 4124 egregium

343 4153 599 4193 acumen
632 4135 697 4192 in
733 4135 1008 4194 extremis
1033 4133 1231 4192 verbis
1264 4134 1536 4210 positum,
1575 4153 1724 4205 cum,
1760 4133 1811 4191 si
1845 4134 2096 4191 ironiam
2103 4151 2323 4233 neges,
2358 4154 2526 4212 pror-

336 4237 447 4278 sus
498 4221 677 4278 inane
738 4221 813 4278 sit
872 4238 1106 4298 poema,
1169 4217 1329 4298 quod
1388 4217 1531 4297 quid
1589 4218 1705 4278 sibi
1755 4216 1901 4277 velit
1961 4220 2196 4278 omnino
2258 4239 2380 4279 non
2430 4221 2530 4278 in-
