3225 5171
852 423 942 491 64
1709 443 2050 500 CATULLI

1671 632 2070 700 LXXVIII.

850 747 1080 815 Gallus
1116 751 1310 817 habet
1344 751 1591 829 fratres,
1629 774 1900 834 quorum
1938 765 2035 819 est
2070 754 2457 840 lepidissima
2491 758 2768 824 coniunx

936 846 1214 922 alterius,
1248 846 1497 931 lepidus
1531 846 1700 910 filius
1737 848 2015 912 alterius.

853 936 1083 1004 Gallus
1120 938 1308 1003 homo
1346 950 1443 1004 est
1475 939 1712 1004 bellus:
1750 963 1899 1004 nam
1937 941 2153 1006 dulces
2188 943 2398 1028 iungit
2432 967 2698 1023 amores,

936 1054 1079 1097 cum
1116 1045 1313 1117 pu'ero
1349 1043 1423 1097 ut
1457 1033 1625 1098 bello
1660 1033 1831 1099 bella
1862 1035 2075 1118 puella
2111 1036 2322 1101 cubet.

774 1137 817 1193 5
851 1122 1080 1191 Gallus
1116 1125 1306 1189 homo
1342 1136 1440 1191 est
1474 1128 1702 1191 stultus
1738 1148 1856 1191 nec
1892 1150 1960 1192 se
1996 1129 2169 1193 videt
2205 1152 2344 1195 esse
2379 1132 2694 1208 maritum,

932 1220 1043 1303 qui
1077 1230 1341 1304 patruus
1375 1222 1587 1307 patrui
1620 1232 1927 1288 monstret
1961 1222 2360 1289 adulterium.

1696 1568 2033 1635 LXXIX.

840 1684 1121 1751 Lesbius
1158 1696 1253 1751 est
1286 1686 1532 1772 pulcer:
1578 1688 1734 1771 quid
1768 1689 1872 1752 ni?
1909 1710 2099 1771 quem
2135 1688 2376 1755 Lesbia
2410 1692 2587 1756 malit

929 1802 1121 1863 quam
1157 1789 1220 1844 te
1256 1803 1402 1844 cum
1438 1790 1569 1844 tota
1603 1792 1815 1866 gente,
1855 1781 2139 1857 Catulle,
2166 1793 2295 1848 tua.

839 1875 957 1940 sed
992 1883 1204 1938 tamen
1239 1873 1341 1938 hic
1375 1873 1595 1958 pulcer
1629 1874 1861 1940 vendat
1899 1897 2046 1939 cum
2081 1890 2270 1962 gente
2307 1876 2655 1956 Catullum,

929 1968 981 2032 si
1017 1967 1136 2032 tria
1168 1978 1464 2033 notorum
1500 1968 1679 2033 savia
1712 1970 2076 2054 reppererit.

1713 2317 2015 2383 LXXX.

835 2434 1016 2517 Quid
1052 2435 1278 2509 dicam,
1317 2434 1508 2511 Gelli,
1544 2459 1742 2520 quare
1776 2460 1958 2503 rosea
1991 2437 2115 2503 ista
2147 2437 2380 2503 labella

923 2528 1189 2594 hiberna
1223 2530 1379 2594 fiant
1414 2530 1780 2596 candidiora
1811 2532 1979 2608 nive,

726 2652 735 2667 ·-
835 2645 1024 2687 mane
1059 2623 1246 2686 domo
1284 2645 1429 2687 cum
1466 2624 1600 2688 exis
1638 2636 1702 2689 et
1736 2647 1881 2690 cum
1916 2636 1980 2691 te
2015 2636 2241 2690 octava
2274 2627 2486 2710 quiete
2581 2634 2584 2637 ’

922 2740 958 2782 e
994 2716 1166 2780 molli
1202 2718 1395 2801 longo
1433 2717 1695 2782 suscitat
1728 2717 1885 2798 hora
1919 2719 2057 2784 die?

761 2823 802 2877 5
834 2812 1049 2878 nescio
1084 2810 1239 2894 quid
1274 2824 1444 2877 certe
1480 2823 1603 2878 est:
1642 2835 1724 2877 an
1760 2834 1908 2878 vere
1942 2815 2115 2878 fama
2150 2825 2434 2878 susurrat

919 2905 1188 2992 grandia
1221 2915 1284 2971 te
1317 2906 1512 2971 medii
1545 2916 1721 2971 tenta
1753 2929 1985 2972 vorare·
2012 2907 2168 2971 viri?

831 3000 925 3065 sic
960 3010 1128 3064 certe
1164 3010 1285 3064 est:
1324 3000 1601 3065 clamant
1633 3001 1912 3066 Victoris
1947 3011 2134 3085 rupta
2166 3001 2393 3066 miselli

917 3092 1043 3170 ilia,
1081 3104 1146 3158 et
1178 3094 1422 3158 emulso
1455 3095 1637 3160 labra
1671 3104 1888 3159 notata
1924 3116 2083 3159 sero·

1680 3441 2019 3506 LXXXI.

825 3561 1116 3626 Nemone
1149 3558 1218 3624 in
1252 3568 1431 3624 tanto
1463 3560 1672 3644 potuit
1703 3562 1939 3646 populo
1977 3584 2136 3638 esse,
2171 3561 2445 3638 Iuventi,

911 3653 1115 3718 bellus
1151 3653 1361 3729 hom0,
1398 3674 1588 3736 quem
1625 3665 1694 3718 tu
1732 3654 1994 3739 diligere
2028 3655 2356 3740 inciperes,

824 3757 1268 3834 praeterquam
1303 3747 1421 3812 iste
1455 3757 1605 3812 tuus
1642 3748 2020 3812 moribunda
2056 3750 2138 3813 ab
2174 3749 2323 3814 sede
2357 3748 2612 3813 Pisauri
2712 3760 2716 3764 ’

909 3840 1140 3926 hospes
1174 3841 1466 3906 inaurata
1499 3843 1792 3927 pallidior
1828 3853 2055 3919 statua,

747 3947 790 4002 5
825 3934 937 4019 qui
971 3935 1086 3999 tibi
1119 3956 1289 4000 nunc
1325 3935 1498 4000 cordi
1535 3948 1650 4012 est,
1686 3958 1876 4019 quem
1911 3945 1979 3999 tu
2015 3958 2404 4021 praeponere
2440 3937 2626 4001 nobis

910 4028 1105 4093 audes
1142 4038 1205 4094 et
1238 4028 1442 4094 nescis
1478 4029 1651 4112 quod
1686 4028 1934 4093 facinus
1969 4029 2191 4094 facias.
