3225 5171
1136 470 1595 523 PROLEGOMENA
1757 502 1764 509 2
2313 473 2466 514 XXIX

268 588 559 651 babiliter
590 595 841 668 poetam,
879 609 1014 648 cum
1046 591 1224 650 istum
1244 589 1714 651 Pisaurensem‘
1724 590 2025 650 inaurata’
2060 598 2256 650 statua
2288 590 2463 670 palli

273 675 506 735 diorem
562 673 805 748 diceret,
862 677 926 733 in
970 677 1212 735 nomine
1252 675 1490 735 Aurelii
1539 675 1752 736 lusisse
1802 679 2053 754 putavit,
2124 695 2319 755 neque
2368 675 2463 734 1111

273 761 606 821 sententiae
647 767 942 839 repugnat
985 780 1032 818 0.
1067 760 1247 833 XXI,
1291 760 1398 820 ubi
1440 761 1721 820 nimirum
1767 759 2036 820 Catullus
2080 782 2137 820 v.
2185 762 2221 819 5
2254 781 2297 819 s.
2343 781 2461 839 quo

273 844 454 904 modo
481 843 852 905 Aurelium
833 866 898 904 m
932 844 1171 923 publico
1198 804 1484 905 a’dversus
1519 865 1769 924 puerum
1797 866 1860 906 se
1894 865 2098 922 gerere
2133 846 2467 905 observarit

272 938 580 990 memorat.
649 932 772 990 iam
816 950 951 989 cum
993 932 1270 989 carminis
1313 930 1437 990 XV
1477 933 1768 990 rationem
1810 939 2083 992 accurate
2136 930 2462 1003 considero,

273 1018 346 1075 in
390 1013 506 1094 (1110
553 1025 612 1076 01
655 1034 720 1074 30
765 1034 1018 1094 suosque
1068 1035 1297 1075 amores
1340 1014 1589 1076 Aurelio
1637 1016 2009 1075 commendat
2060 1024 2236 1096 poeta
2287 1024 2345 1075 et
2396 1023 2464 1073 ut
2573 1061 2582 1067 .

273 1119 530 1180 puerum
579 1100 797 1178 pudice
849 1101 966 1159 sibi
1019 1108 1327 1160 conservet
1376 1102 1554 1159 minis
1607 1098 1855 1160 adiectis
1910 1102 2157 1178 flagitat,
2212 1117 2463 1180 cumque

276 1187 558 1244 carminis
591 1185 873 1244 LXXXI
917 1185 1212 1244 distichon
1257 1193 1584 1245 extremum
1629 1194 1855 1265 reputo,
1902 1187 2008 1247 ubi
2050 1185 2205 1245 illud
2249 1184 2461 1245 ‘nunc'

273 1273 465 1349 priori
524 1273 773 1349 tempori
833 1272 1055 1349 opponi
1115 1269 1350 1330 videtur
1411 1289 1605 1350 neque
1664 1290 1807 1330 vero
1867 1271 2053 1331 verba
2115 1270 2348 1331 ‘audes’
2405 1278 2465 1330 et

281 1357 504 1414 ‘nescis
541 1355 702 1434 quod
736 1355 968 1414 facinus
1003 1353 1215 1414 facias’
1252 1357 1380 1415 sine
1425 1358 1489 1414 vi
1532 1363 1592 1415 et
1634 1355 1897 1433 pondere
1939 1356 2098 1416 dicta
2142 1364 2295 1429 sunt,
2342 1376 2464 1414 non

274 1460 524 1518 possum
558 1442 706 1519 quin
733 1438 1041 1499 Catullum
1075 1442 1337 1518 suspicer
1371 1440 1600 1521 aliquid
1633 1443 1777 1499 iuris
1813 1440 2093 1501 adversus
2120 1442 2465 1501 Iuventium

279 1525 502 1584 habere
537 1526 653 1585 sibi
685 1527 880 1584 visum
915 1544 1059 1585 esse.
1120 1526 1322 1604 itaque
1355 1527 1515 1586 hunc
1545 1525 1893 1604 popularem
1925 1535 2136 1604 poetae
2161 1526 2346 1586 fuisse
2380 1557 2467 1568 —-

280 1609 444 1689 quod
479 1613 658 1669 etiam
689 1611 992 1669 Brunerus
1028 1609 1068 1669 1.
1098 1631 1163 1683 0.,
1201 1612 1314 1670 0131
1348 1610 1706 1684 dubitanter,
1741 1613 1993 1671 coniecit
2026 1642 2111 1653 -—
2145 1611 2222 1670 ab
2258 1629 2463 1689 eoque,

279 1696 629 1775 priusquam
664 1696 917 1755 Romam
951 1697 1198 1767 veniret,
1236 1697 1422 1754 amari
1457 1704 1730 1775 coeptum
1765 1716 1891 1756 esse
1927 1699 2056 1756 veri
2101 1696 2466 1756 simillimum

282 1779 454 1838 duco.
528 1782 626 1839 cui
668 1781 1040 1841 coniecturae
1091 1779 1234 1840 inde
1278 1801 1513 1860 quoque
1561 1801 1687 1840 non
1738 1781 1891 1840 nihil
1941 1781 2465 1841 commendationis

278 1864 516 1923 accedit
559 1865 718 1944 quod
755 1867 823 1924 in
863 1868 1108 1942 regione
1138 1866 1474 1926 Veronensi
1514 1866 1824 1927 Iuventios
1866 1866 2201 1926 consedisse
2244 1865 2467 1926 multae

279 1950 698 2028 inscriptiones
744 1949 957 2009 docent
1000 1949 1079 2025 (v.
1134 1969 1224 2010 ex.
1271 1971 1358 2026 gr.
1407 1949 1473 2009 C.
1509 1951 1560 2009 Ι.
1594 1951 1666 2009 L.
1701 1951 1779 2023 V,
1819 1953 1873 2024 1,
1910 1971 1999 2011 nr.
2048 1952 2233 2010 3316.
2280 1952 2466 2009 3480.

279 2034 473 2093 4349.
521 2035 704 2094 4438.
750 2035 962 2112 4626).
1044 2035 1230 2095 fuisse
1280 2042 1479 2094 autem
1527 2055 1778 2113 puerum
1828 2055 1866 2093 a
1919 2034 2152 2094 Catullo
2206 2043 2467 2094 amatum

279 2121 614 2194 ingenuum
641 2119 717 2178 de
743 2127 921 2197 gente
946 2120 1356 2179 Iuventiorum
1382 2120 1658 2179 carminis
1682 2119 1904 2179 XXIV
1928 2121 2162 2179 initium
2192 2119 2465 2193 ostendit,

278 2203 638 2283 videturque
671 2224 710 2263 a
742 2203 1106 2283 parentibus,
1151 2211 1220 2262 ut
1263 2203 1489 2262 altioris
1534 2203 1900 2264 educationis
1942 2207 2238 2283 particeps
2279 2204 2467 2279 fieret,

280 2291 537 2349 Romam
583 2291 799 2348 missus
852 2307 994 2347 esse.
1064 2288 1153 2346 ibi
1203 2307 1344 2347 vero
1397 2288 1501 2348 ille
1550 2291 1806 2367 primum
1856 2289 2195 2363 Aurelium,
2250 2289 2466 2351 deinde

280 2368 465 2433 etiam
507 2373 683 2433 huius
729 2374 985 2432 amicum
1025 2372 1279 2431 Furium
1323 2372 1556 2432 Catullo
1602 2377 1943 2453 praeposuit
1973 2407 2062 2417 —
2103 2396 2245 2434 nam
2288 2378 2467 2435 istum

283 2459 458 2537 ‘quoi
490 2476 687 2536 neque
721 2475 926 2516 servus
962 2466 1051 2515 est
1083 2477 1276 2535 neque
1319 2457 1481 2518 arca'
1519 2456 1769 2535 (XXIV
1804 2457 1869 2536 ὃ)
1905 2460 2155 2519 Furium
2197 2461 2469 2537 intellegi

280 2564 336 2604 0.
371 2541 604 2602 ΧΧΠΙ
641 2545 674 2600 1
716 2542 1075 2603 demonstrat
1106 2574 1208 2617 —,
1242 2541 1426 2623 idque
1460 2552 1671 2623 poetae
1704 2547 1865 2615 satis,
1900 2554 2060 2625 puto,
2106 2565 2319 2606 causae
2351 2547 2469 2607 fuit

282 2649 394 2689 cur
431 2630 500 2689 in
543 2636 860 2708 utrumque
901 2628 1198 2687 aemulum
1241 2631 1566 2688 carminum
1611 2629 1832 2691 salibus
1876 2632 2267 2691 inveheretur.
2336 2651 2470 2710 per·

282 2715 526 2789 stringit
550 2720 748 2774 autem
775 2733 873 2773 eos
898 2722 966 2772 ut
990 2712 1308 2787 famelicos,
1334 2715 1722 2794 Furiumque,
1749 2718 1853 2795 qui
1880 2715 2130 2776 subinde
2151 2718 2467 2796 pecuniam

282 2819 327 2858 8
370 2798 606 2859 Catullo
648 2800 911 2858 mutuari
954 2798 1215 2859 voluisse
1255 2799 1516 2873 videtur,
1561 2821 1609 2859 c.
1644 2800 1876 2859 XXIII
1918 2802 2292 2861 acerbissima
2332 2821 2469 2861 cum

283 2882 666 2943 cavillatione
709 2883 960 2963 repellit.
1031 2891 1290 2943 ceterum
1323 2885 1495 2943 ambo
1540 2904 1704 2944 more
1745 2887 2059 2963 parasitico
2095 2905 2334 2965 operam
2375 2886 2468 2945 illi

283 2988 458 3029 suam
491 2968 832 3029 venditasse
865 2988 943 3029 ex
978 2989 1026 3027 0.
1063 2968 1162 3028 XI
1203 2970 1571 3048 perspicitur.
1646 2967 1720 3028 de
1754 2989 1872 3048 quo
1906 2972 2027 3028 iam
2069 2989 2248 3049 supra
2283 2991 2467 3049 quan-

282 3062 416 3112 tum
472 3055 868 3132 necessarium
917 3052 1232 3113 videbatur
1292 3052 1686 3114 disseruimus.
1765 3074 1960 3134 neque
2018 3075 2178 3115 nunc
2235 3056 2467 3135 reliqua

282 3155 446 3218 quae
481 3136 559 3195 ad
591 3137 698 3196 has
733 3139 1068 3197 inimicitias
1103 3145 1317 3217 poetae
1359 3140 1602 3217 eiusque
1648 3159 1791 3217 erga
1823 3141 2168 3200 Iuventium
2210 3161 2469 3201 amorem

282 3223 590 3302 pertinent
638 3221 991 3299 singillatim
1047 3241 1393 3301 percensere
1440 3226 1507 3282 in
1567 3226 1765 3283 animo
1819 3232 1933 3299 est,
1993 3227 2110 3285 nisi
2171 3226 2331 3305 quod
2392 3226 2467 3287 de

284 3329 337 3367 0.
373 3306 533 3367 XVI
577 3308 721 3366 satis
757 3306 988 3365 difficili
1021 3306 1312 3386 quaedam
1354 3317 1578 3368 restant
1625 3309 1891 3369 dicenda.
1964 3313 2267 3389 quaeritur
2307 3314 2469 3372 enim

283 3399 485 3454 utrum
527 3390 635 3450 illa
678 3390 830 3463 ‘vos,
876 3391 1036 3470 quod
1075 3392 1241 3451 milia
1281 3394 1470 3453 multa
1510 3394 1810 3455 basiorum
1851 3396 2130 3472 Legistis,
2175 3397 2331 3456 male
2371 3417 2468 3457 me

285 3496 511 3537 marem
537 3475 826 3555 putatis?’
864 3475 943 3535 ad
969 3497 1015 3535 c.
1035 3477 1110 3550 V,
1137 3476 1202 3536 id
1220 3478 1379 3557 quod
1402 3479 1586 3556 vulgo
1615 3480 1889 3553 creditur,
1919 3502 1998 3540 an
2026 3480 2104 3539 ad
2122 3501 2170 3540 0.
2188 3482 2468 3541 XLVIII

289 3560 602 3621 referenda
635 3564 771 3621 sint.
840 3560 954 3620 hoc
997 3569 1131 3639 post
1160 3564 1493 3623 Brunerum
1537 3563 1617 3643 (p.
1658 3564 1807 3642 639)
1850 3568 2029 3624 etiam
2060 3566 2467 3644 Westphalius

289 3667 347 3725 p.
371 3648 492 3705 199
522 3649 743 3720 statuit,
781 3667 916 3707 cum
933 3647 1182 3706 Furium
1209 3655 1269 3707 et
1291 3649 1602 3709 Aurelium
1632 3669 1867 3709 carmen
1889 3649 2167 3711 XLVHI
2191 3652 2466 3710 Iuventio

287 3733 531 3790 missum
564 3732 781 3809 legisse
817 3750 1006 3811 eoque
1050 3731 1301 3792 offensos
1345 3734 1652 3793 mollitiem
1694 3742 1907 3813 poetae
1952 3735 2337 3812 exprobrasse
2378 3756 2468 3794 ar-

290 3817 560 3876 bitratur.
615 3836 768 3896 quae
804 3818 1097 3877 sententia
1131 3837 1275 3877 sane
1308 3822 1573 3897 speciosa
1601 3828 1704 3891 est,
1743 3822 1883 3899 quia
1917 3819 2098 3878 aliam
2123 3822 2291 3880 rixae
2314 3822 2469 3881 inter

289 3900 595 3964 Catullum
627 3911 688 3963 et
719 3905 863 3962 istos
897 3902 1163 3961 homines
1199 3923 1435 3963 causam
1477 3912 1710 3983 praeter
1742 3904 2008 3964 Iuventii
2049 3924 2305 3965 amorem
2346 3927 2471 3966 non

286 3988 583 4059 novimus,
635 3989 803 4067 isque
853 3990 920 4046 in
965 4008 1013 4046 0.
1055 3987 1213 4047 XVI
1250 3990 1331 4046 10
1381 3990 1577 4049 verbis
1634 3989 1781 4048 ‘non
1825 3988 1955 4049 dico
2008 3990 2232 4068 pueris'
2277 3991 2471 4051 videri

288 4080 484 4149 potest
517 4072 882 4147 significatus
919 4092 1060 4132 esse.
1131 4081 1194 4131 at
1226 4081 1425 4133 tamen
1457 4076 1652 4153 ipsum
1685 4072 1837 4133 illud
1874 4075 2065 4134 ‘milia
2097 4075 2310 4135 multa’
2347 4098 2470 4137 non

288 4158 355 4214 in
391 4177 440 4216 0.
473 4156 766 4230 XLVIII,
807 4157 915 4218 sed
945 4160 1011 4217 in
1045 4159 1104 4219 V
1139 4154 1220 4233 (v.
1261 4157 1365 4234 10)
1401 4159 1634 4235 legitur,
1671 4179 1921 4239 cumque
1957 4160 2069 4220 hoc
2110 4164 2473 4239 poematium

283 4243 534 4301 omnino
569 4250 834 4303 veterum
869 4245 1096 4303 animos
1129 4242 1308 4303 valde
1350 4244 1648 4323 pepulisse
1683 4244 1959 4306 videatur
1994 4243 2173 4323 (conf.
2208 4248 2471 4307 Martial.
