3225 5171
743 459 943 503 vam
1614 456 2068 499 PROLEGOMENA

746 578 1145 656 Euphorionis
1205 573 1368 636 haud
1427 575 1606 635 dubie
1666 575 2093 652 intelleguntur
2149 595 2276 644 non
2326 577 2431 655 qui
2478 574 2921 654 Euphorionem

749 663 954 735 solum,
1001 661 1107 722 sed
1139 662 1243 741 qui
1279 681 1400 720 una
1433 682 1566 720 cum
1597 660 1712 720 hoc
1754 664 1934 720 etiam
1975 661 2235 740 reliquos
2278 669 2482 739 poetas
2528 662 2656 719 eius
2701 659 2919 719 similes

748 750 1080 808 imitatione
1141 750 1549 825 expresserint.
1624 745 1847 805 scilicet
1908 745 2359 806 Chalcidensem
2416 752 2652 824 poetam
2713 743 2919 804 Cicero

749 832 1085 911 exemplum
1119 832 1342 910 profert
1375 830 1706 890 adfectatae
1734 830 2038 891 doctrinae
2064 831 2567 910 obscuritatisque,
2604 849 2724 909 qua
2747 830 2920 908 pleri-

750 937 865 998 que
928 925 1139 997 poetae
1197 918 1408 976 aetatis
1457 915 1908 975 Alexandrinae
1967 915 2344 988 laborabant,
2406 919 2766 994 opponitque
2824 914 2921 973 hic

747 1004 966 1076 Ennio,
1004 1005 1157 1061 sicut
1189 1001 1443 1062 eundem
1468 1001 1728 1061 Homero
1757 1004 2030 1079 opposuit
2054 1003 2118 1059 in
2152 1000 2305 1060 libro
2332 999 2406 1060 de
2433 1001 2690 1059 divinat.
2736 999 2919 1058 altero

749 1087 784 1162 ,ξ
825 1089 963 1147 132.
1000 1087 1206 1147 eodem
1240 1090 1306 1146 in
1339 1089 1682 1146 universum
1715 1085 1890 1145 modo
1935 1088 2055 1145 iam
2090 1085 2192 1144 alii
2233 1085 2428 1144 locum
2465 1084 2919 1144 Ciceronianum

749 1180 1116 1251 acceperunt,
1154 1179 1222 1229 ut
1254 1170 1574 1231 Merkelius
1609 1169 1690 1229 ad
1722 1171 1861 1230 Ibin
1896 1191 1952 1249 p.
1983 1171 2122 1229 356.
2158 1172 2360 1249 itaque
2395 1172 2572 1229 etiam
2607 1171 2657 1228 si
2691 1169 2922 1228 nullum

747 1260 813 1316 in
849 1257 1085 1318 Catullo
1113 1256 1569 1334 Euphorioneae
1601 1257 1945 1317 imitationis
1980 1258 2298 1332 vestigium
2333 1253 2913 1333 deprehenderemus,

747 1351 945 1401 tamen
978 1361 1057 1410 ne
1090 1341 1249 1401 hunc
1273 1340 1514 1420 quidem
1547 1360 1669 1399 non
1697 1360 1734 1399 a
1761 1339 2047 1399 Cicerone
2074 1341 2396 1418 significari
2433 1341 2915 1399 existimaremus.

746 1447 939 1507 neque
973 1446 1113 1486 vero
1151 1426 1318 1484 obest
1351 1433 1586 1484 nostrae
1622 1427 1947 1484 sententiae
1982 1425 2141 1504 quod
2177 1433 2351 1503 poeta
2382 1425 2743 1483 Veronensis
2777 1432 2916 1495 tum,

747 1534 879 1571 cum
915 1511 1120 1572 Cicero
1155 1514 1271 1568 ista
1304 1510 1487 1569 verba
1520 1511 1814 1583 scriberet,
1851 1512 1972 1568 iam
2006 1508 2081 1569 de
2114 1513 2240 1568 vita
2276 1509 2615 1569 decesserat.
2688 1527 2828 1567 nam
2862 1515 2920 1567 et

746 1597 859 1655 hoc
892 1596 1022 1655 loco
1058 1603 1118 1654 et
1153 1594 1382 1653 duobus
1409 1595 1652 1674 reliquis
1678 1615 1824 1674 quos
1861 1602 2037 1654 antea
2070 1595 2390 1667 attulimus,
2428 1596 2531 1674 qui
2558 1602 2617 1652 et
2642 1595 2758 1672 ipsi
2789 1600 2921 1671 post

747 1689 994 1740 mortem
1021 1678 1245 1741 Catulli
1280 1682 1481 1758 scripti
1515 1688 1667 1752 sunt,
1706 1679 1915 1739 Cicero
1949 1687 2133 1738 totam
2166 1683 2343 1738 istam
2378 1687 2681 1758 poetarum
2708 1698 2919 1757 aequa-

747 1766 894 1825 lium
945 1765 1261 1824 factionem
1309 1767 1683 1842 inpugnavit,
1740 1767 1906 1824 cuius
1950 1766 2283 1823 communia
2334 1772 2394 1823 et
2443 1766 2684 1843 propria
2725 1771 2919 1822 essent

747 1851 969 1930 placita
1020 1869 1208 1929 eaque
1259 1849 1334 1908 ab
1389 1852 1787 1929 antiquiorum
1836 1846 2142 1928 poetarum
2191 1849 2567 1922 Latinorum,
2621 1867 2766 1928 quos
2818 1847 2921 1906 ille

747 1935 1165 2008 admirabatur,
1203 1937 1432 1994 ratione
1467 1934 1647 2011 longe
1682 1934 1933 1993 diversa.
2005 1940 2260 1994 ceterum
2294 1935 2361 1992 in
2386 1933 2608 2013 epyllio
2637 1932 2713 1992 de
2738 1932 2918 1992 Peleo

749 2029 808 2080 et
849 2020 1107 2079 Thetide
1146 2039 1382 2078 versum
1431 2021 1511 2078 30
1561 2021 1951 2094 Oceanusque,
2004 2023 2152 2077 mari
2202 2030 2378 2089 totum,
2424 2022 2519 2093 qui
2568 2021 2921 2094 amplectitur

748 2108 932 2164 orbem
957 2105 1317 2165 simillimum
1353 2124 1480 2164 esse
1505 2104 1909 2183 Euphorionei
1940 2098 2234 2175 Ὠκεανός,
2270 2105 2353 2176 τῷ
2376 2106 2545 2160 πᾶσα
2578 2098 2918 2180 περίρρυτος

747 2186 1038 2249 ἐνδέδεται
1088 2185 1247 2266 χθών
1294 2186 1390 2262 (fr.
1438 2189 1702 2250 CLVIII
1743 2188 1853 2267 M.)
1897 2192 2015 2248 iam
2068 2189 2171 2248 alii
2222 2188 2675 2261 adnotaverunt,
2730 2207 2921 2267 neque

749 2275 1085 2333 dubitamus
1120 2278 1267 2353 quin
1300 2277 1455 2333 inter
1488 2279 1659 2353 epica
1700 2283 1912 2354 poetae
1948 2274 2354 2334 Chalcidensis
2398 2276 2661 2333 carmina
2702 2272 2921 2332 fuerint

750 2359 963 2439 quibus
991 2358 1261 2419 Catullus
1295 2362 1360 2417 in
1395 2363 1731 2420 narratione
1758 2360 1831 2419 de
1856 2358 2128 2418 Ariadna
2153 2361 2525 2438 potissimum
2558 2356 2922 2437 pertexenda

746 2447 839 2503 uti
871 2451 1083 2522 posset,
1129 2439 1453 2517 Μοψοπίαν
1490 2443 1735 2504 dicimus
1770 2453 1831 2504 et
1863 2439 2146 2502 Διόνυσον
2185 2453 2244 2504 et
2277 2439 2557 2519 Γέρανον,
2596 2445 2762 2502 cuius
2786 2444 2921 2523 -qui-

750 2529 885 2589 dem
918 2530 1192 2589 carminis
1233 2529 1468 2589 titulum
1509 2549 1546 2588 a
1588 2530 1919 2590 saltationis
1964 2549 2180 2607 genere
2222 2532 2287 2590 in
2324 2528 2502 2590 Creta
2545 2536 2604 2589 et
2636 2528 2791 2589 Delo
2833 2529 2920 2587 in-

750 2615 895 2675 sulis
942 2615 1081 2674 olim
1113 2615 1329 2673 usitato
1365 2614 1734 2693 desumptum
1778 2635 1904 2675 esse
1937 2617 2109 2675 nobis
2144 2614 2383 2695 quidem
2416 2614 2724 2694 probabile
2757 2613 2920 2672 vide·

748 2708 861 2759 tur.
933 2700 1082 2759 conf.
1127 2700 1464 2760 Meinekius
1507 2701 1660 2759 anal.
1705 2700 2031 2760 Alexandr.
2074 2722 2131 2780 p.
2181 2702 2275 2758 12.
2324 2702 2406 2759 20
2433 2721 2478 2759 s.
2524 2711 2584 2759 et
2625 2698 2920 2758 Prellerus

730 2785 994 2865 mythol.
1042 2784 1252 2845 Graec.
1288 2786 1372 2858 II,
1417 2806 1473 2864 p.
1521 2787 1641 2844 296
1689 2786 1779 2846 ed.
1824 2786 1925 2846 alt.
1970 2787 2455 2865 pertractavimus
2501 2784 2805 2845 Ciceronis
2848 2783 2921 2843 de

749 2872 863 2930 hac
895 2880 1200 2950 poetarum
1233 2870 1491 2930 factione
1525 2871 1762 2931 iudicia.
1834 2891 1943 2930 nec
1988 2870 2158 2930 aliter
2188 2875 2255 2929 in
2289 2874 2631 2929 universum
2672 2872 2922 2929 sensisse

751 2975 953 3015 omnes
989 2959 1091 3036 qui
1125 2964 1248 3015 tum
1292 2967 1485 3015 essent
1527 2964 1792 3016 veterum
1828 2955 2216 3016 Camenarum
2264 2955 2646 3014 admiratores
2682 2973 2921 3014 consen-

748 3049 990 3100 taneum
1023 3050 1127 3100 est.
1198 3061 1315 3120 quo
1357 3040 1554 3119 plures
1590 3050 1788 3101 autem
1833 3050 2044 3119 poetae
2087 3044 2231 3100 novi
2274 3044 2417 3099 artis
2463 3059 2603 3099 suae
2639 3040 2919 3099 obtrecta-

751 3135 905 3185 tores
938 3125 1341 3198 inveniebant,
1388 3145 1457 3184 eo
1501 3129 1690 3203 magis
1734 3145 1860 3185 sese
1902 3135 2103 3185 mutuo
2148 3125 2431 3185 adiuvare
2476 3125 2746 3204 fetusque
2787 3144 2920 3184 suos

751 3214 1191 3287 epigrammatis
1245 3209 1526 3269 extollere
1587 3209 1899 3270 studebant
1914 3255 1929 3281 ,
1992 3218 2248 3270 ceterum
2297 3211 2412 3270 hac
2461 3228 2693 3289 quoque
2745 3212 2809 3268 in
2857 3227 2921 3268 re

748 3292 1227 3353 Alexandrinum
1251 3314 1472 3354 morem
1498 3297 1682 3354 secuti
1699 3293 1879 3369 (conf.
1900 3294 2129 3355 Callim.
2148 3299 2333 3374 epigr.
2353 3294 2579 3353 XXIX
2596 3291 2915 3369 Schneid.).

749 3386 1037 3457 erantque
1079 3378 1346 3458 plerique
1391 3399 1466 3438 ex
1510 3383 1611 3453 eis,
1665 3388 1732 3439 ut
1772 3379 2022 3454 videtur,
2077 3391 2197 3439 non
2252 3380 2439 3440 solum
2492 3379 2728 3439 scholae
2770 3399 2922 3438 com-

749 3465 1049 3536 munione,
1091 3483 1297 3523 verum
1332 3468 1509 3523 etiam
1553 3468 1848 3525 amicitiae
1880 3465 2119 3525 vinculo
2165 3470 2321 3525 inter
2355 3484 2418 3525 se
2454 3466 2768 3540 coniuncti.
2839 3465 2925 3523 sic

750 3548 1036 3620 Catullus,
1081 3556 1150 3607 ut
1185 3569 1363 3628 supra
1395 3554 1862 3623 memoravimuS,
1908 3559 1969 3610 et
2000 3551 2321 3630 Zmyrnam
2354 3549 2559 3609 Helvii
2600 3549 2829 3609 Cinnae
2864 3556 2924 3608 et

745 3635 968 3693 Licinii
1013 3634 1190 3693 Calvi
1239 3635 1460 3712 elegias
1511 3635 1685 3694 modo
1739 3635 1928 3695 editas
1980 3637 2333 3695 carminibus
2379 3635 2555 3695 XCV
2606 3642 2665 3693 et
2713 3632 2924 3693 XCVI

745 3719 1082 3779 celebravit.
1152 3739 1322 3799 porro
1377 3719 1625 3779 Ticidae
1676 3739 1881 3780 versus
1932 3721 2091 3799 apud
2143 3722 2491 3781 Suetonium
2544 3726 2754 3779 extans
2804 3718 2923 3777 huc

743 3804 1103 3876 referenduS,
1140 3825 1256 3884 quo
1290 3805 1549 3884 Lydiam
1584 3805 1827 3865 Catonis
1862 3804 2164 3865 doctorum
2197 3810 2519 3864 maximam
2557 3824 2756 3863 curam
2792 3822 2921 3863 esse

743 3893 846 3961 ait,
882 3889 987 3948 ubi
1013 3894 1118 3969 qui
1153 3889 1342 3950 docti
1376 3897 1662 3949 vocantur
1688 3909 1788 3949 eos
1823 3911 1945 3950 non
1972 3890 2119 3950 alios
2148 3910 2274 3950 esse
2302 3911 2478 3970 quam
2504 3896 2707 3968 poetas
2736 3908 2922 3948 novos

743 3973 973 4053 pridem
1005 3974 1369 4035 intellectum
1390 3983 1498 4035 est.
1552 3975 1806 4055 denique
1835 3975 1909 4034 de
1938 3975 2198 4035 eiusdem
2227 3973 2471 4035 Catonis
2497 3975 2699 4033 Diana
2727 3975 2925 4034 Cinna

741 4078 918 4119 versu
949 4058 1157 4119 itidem
1191 4079 1296 4139 per
1330 4060 1677 4121 Suetonium
1711 4063 2027 4119 memoriae
2068 4059 2301 4139 prodito
2338 4060 2718 4119 consimiliter
2753 4078 2925 4137 prae-

743 4143 966 4203 dicavit
1015 4153 1191 4224 atque
1245 4144 1513 4205 Catullus
1538 4144 1643 4204 ·de
1694 4146 1956 4224 Zmyrna
2008 4143 2184 4218 (conf.
2241 4165 2288 4203 c.
2344 4144 2520 4204 XCV
2577 4140 2658 4219 6).
2731 4144 2925 4204 eidem

743 4228 1067 4290 studiorum
1103 4238 1415 4305 consortes,
1462 4230 1957 4311 quemadmodum
1991 4233 2148 4291 inter
2179 4233 2339 4310 ipsos
2380 4229 2708 4290 laudabant
2744 4237 2927 4309 atque
