3225 5171
1250 435 1253 438 ·
1290 422 1521 477 LIBER
2340 409 2423 489 63

469 546 684 611 divum
722 547 804 611 ad
838 545 1148 611 fallendos
1184 547 1442 611 numine
1479 545 1753 610 abusum
1787 545 2095 624 homines,

384 641 580 705 multa
618 652 839 725 parata
874 651 1134 706 manent
1168 640 1296 704 iam
1330 641 1396 703 in
1431 640 1625 724 longa
1662 649 1887 717 aetate,
1926 638 2200 717 Catulle,
2456 653 2491 710 5

471 756 551 798 ex
584 734 707 799 hoc
741 734 990 820 ingrato
1027 734 1262 820 gaudia
1297 755 1508 799 amore
1545 732 1679 797 tibi.

385 850 535 890 nam
595 849 1032 911 quaecumque
1094 828 1381 892 homines
1452 827 1615 891 bene
1675 825 1972 910 cuiquam
2034 837 2144 891 aut
2216 827 2423 895 dicere

725 931 990 1006 possunt
1576 985 1579 990 ,

472 1024 582 1078 aut
614 1014 845 1091 facere,
884 1014 1041 1080 haec
1076 1037 1116 1079 a
1148 1026 1212 1079 te
1248 1014 1540 1097 dictaque
1573 1012 1872 1097 factaque
1907 1025 2084 1079 sunt=

385 1108 600 1171 omnia
632 1128 797 1191 quae
830 1108 1117 1193 ingratae
1151 1108 1473 1193 perierunt
1508 1106 1748 1173 credita
1783 1108 1999 1172 menti.
2471 1163 2502 1188 πη,

471 1222 667 1283 quare
703 1223 817 1266 cur
852 1211 935 1279 te,
972 1224 1084 1267 cur
1117 1202 1244 1267 iam
1280 1203 1551 1287 amplius
1587 1201 1950 1266 excrucies?
2459 1218 2530 1274 10

386 1295 539 1377 quin
576 1306 644 1359 tu
681 1295 891 1360 animo
928 1296 1207 1359 offirmas
1242 1307 1433 1378 atque
1468 1295 1656 1359 istinc
1692 1305 1881 1380 teque
1916 1295 2167 1361 reducis

474 1399 537 1452 et
573 1387 669 1453 dis
703 1389 916 1453 invitis
954 1389 1186 1453 desinis
1225 1412 1362 1453 esse
1399 1389 1630 1453 miser?

389 1481 646 1547 difficile
683 1493 778 1547 est
811 1482 1076 1569 longum
1111 1482 1321 1547 subito
1359 1483 1677 1567 deponere
1714 1503 2013 1548 amorem.

474 1575 730 1642 difficile
766 1587 881 1653 est,
920 1600 1139 1642 verum
1175 1577 1294 1641 hoc
1330 1598 1458 1660 qua
1491 1576 1669 1639 lubet
1705 1575 1972 1640 efficias:

389 1691 518 1732 una
554 1670 917 1735 salushaec
953 1682 1068 1746 est,
1105 1671 1226 1735 hoc
1262 1681 1358 1735 est
1391 1670 1507 1734 tibi
1542 1669 2061 1754 pervincendum,
2239 1686 2244 1691 ’
2463 1687 2532 1741 15

472 1764 595 1829 hoc
630 1766 847 1842 facias,
885 1766 1018 1831 sive
1053 1765 1121 1829 id
1155 1787 1284 1829 non
1318 1778 1466 1850 pote
1502 1765 1638 1829 sive
1672 1774 1840 1849 pote.

391 1879 430 1921 o
467 1858 552 1936 di,
591 1859 643 1924 si
679 1871 958 1925 vestrum
994 1871 1091 1925 est
1124 1860 1428 1936 misereri,
1467 1869 1578 1923 aut
1611 1859 1665 1922 si
1700 1858 1931 1941 quibus
1968 1879 2275 1941 umquam

478 1963 756 2018 extremo
790 1955 919 2018 iam
953 1954 1094 2039 ipsa
1127 1954 1203 2018 in.
1229 1964 1430 2019 morte
1465 1952 1698 2017 tulistis
1732 1973 1939 2036 opem,

391 2068 493 2111 me
528 2046 825 2111 miserum
862 2047 1167 2132 adspicite
1202 2061 1284 2122 et,
1321 2047 1374 2110 si
1411 2046 1604 2110 vitam
1640 2045 1879 2130 puriter
1915 2044 2040 2129 egi,

478 2139 698 2224 eripite
733 2140 897 2204 hanc
931 2151 1173 2225 pestem
1209 2140 1680 2225 perniciemque
1715 2138 1892 2202 mihi.
2465 2154 2538 2209 20

393 2232 452 2296 ei
484 2233 660 2308 mihi,
699 2233 1047 2318 subrepens
1083 2233 1243 2297 imos
1279 2243 1349 2297 ut
1385 2242 1601 2317 torpor
1635 2232 1701 2295 in
1737 2242 1913 2295 artus

479 2326 720 2410 expulit
756 2349 835 2391 ex
871 2327 1042 2390 omni
1078 2338 1331 2412 pectore
1365 2325 1664 2392 laetitias!

391 2441 521 2483 non
554 2420 681 2484 iam
717 2419 876 2484 illud
912 2442 1168 2504 quaero,
1206 2430 1424 2486 contra
1458 2430 1531 2485 ut
1564 2441 1668 2484 mc
1705 2418 1927 2504 diligat
1959 2418 2090 2496 illa,

480 2523 610 2592 aut,
645 2513 817 2597 quod
851 2536 977 2578 non
1013 2515 1175 2600 potis
1211 2526 1325 2593 est,
1363 2537 1501 2580 esse
1534 2513 1770 2599 pudica
1804 2512 1980 2579 velit:

391 2607 529 2693 ipse
566 2609 775 2673 valere
811 2619 960 2694 opto
997 2620 1060 2673 et
1094 2619 1366 2674 taetrum
1400 2609 1569 2673 hunc
1603 2606 1923 2693 deponere
1958 2606 2268 2672 morbum.
2415 2684 2416 2687 Ἴ
2467 2622 2539 2676 25

482 2723 520 2766 o
556 2701 640 2779 di,
677 2701 920 2768 reddite
957 2703 1045 2766 mi
1079 2702 1200 2768 hoc
1232 2726 1349 2789 pro
1383 2703 1618 2789 pietate
1653 2724 1815 2768 mea.

1176 3128 1181 3139 ’
1235 3140 1601 3206 LXXVII.

398 3260 570 3327 Rufe
607 3259 760 3324 mihi
797 3260 1033 3325 frustra
1067 3281 1142 3326 ac
1175 3260 1563 3343 nequiquam
1598 3258 1835 3325 credite
1872 3259 2075 3325 amico

485 3354 780 3435 (frustra?
814 3352 1007 3417 immo
1042 3375 1274 3439 magno
1311 3375 1455 3418 cum
1490 3354 1692 3439 pretio
1729 3362 1919 3437 atque
1954 3354 2171 3438 malo),

400 3449 593 3514 sicine
629 3448 946 3532 subrepsti
980 3448 1068 3511 mi
1103 3459 1295 3531 atque
1330 3447 1627 3512 intestina
1661 3469 1966 3532 perurens

486 3542 570 3607 eil
608 3541 835 3606 misero
873 3541 1156 3626 eripuisti
1190 3541 1401 3606 omnia
1433 3552 1648 3606 nostra
1683 3542 1884 3605 bona?

401 3635 703 3722 eripuisti,
742 3634 865 3700 heu
902 3633 1026 3699 heu
1062 3645 1314 3700 nostrae
1348 3635 1603 3700 crudele
1639 3657 1958 3700 venenum
2470 3648 2505 3705 5

485 3729 669 3804 vitae,
706 3727 832 3794 heu
866 3728 992 3795 heu
1026 3740 1277 3795 nostrae
1311 3730 1506 3814 pestis
1543 3728 1875 3794 amicitiae.

402 3823 511 3887 sed
546 3844 715 3887 nunc
748 3823 813 3886 id
849 3822 1053 3900 doleo,
1091 3823 1261 3907 quod
1295 3846 1492 3908 purae
1526 3846 1689 3908 pura
1722 3823 1972 3907 puellae
2152 3844 2385 3890 Lxxvm
2412 3849 2436 3890 ‘1

490 3917 664 3981 savia
699 3917 1044 3981 conminxit
1077 3939 1306 4002 spurca
1341 3917 1540 3982 saliva
1576 3928 1706 3982 tua.

401 4028 622 4073 verum
657 4009 724 4074 id
757 4032 883 4074 non
919 4009 1157 4095 inpune
1191 4011 1384 4076 feres:
1422 4034 1570 4075 nam
1605 4021 1670 4075 te
1706 4009 1917 4075 omnia
1950 4008 2161 4075 saecla

487 4113 749 4169 noscent
784 4114 847 4169 et
881 4105 992 4188 qui
1027 4104 1111 4169 sis
1147 4103 1319 4170 fama
1351 4104 1645 4190 loquetur
1679 4096 1858 4169 anus.
2472 4117 2543 4171 10
