<?xml version="1.0" encoding="UTF-8"?>
<!DOCTYPE html PUBLIC "-//W3C//DTD XHTML 1.0 Transitional//EN"
    "http://www.w3.org/TR/xhtml1/DTD/xhtml1-transitional.dtd">
<html xmlns="http://www.w3.org/1999/xhtml" xml:lang="en" lang="en">
 <head>
  <title>
</title>
<meta http-equiv="Content-Type" content="text/html;charset=utf-8" />
  <meta name='ocr-system' content='tesseract 3.04.00' />
  <meta name='ocr-capabilities' content='ocr_page ocr_carea ocr_par ocr_line ocrx_word'/>
</head>
<body>
  <div class='ocr_page' id='page_1' title='image "./cvalericatulliv00schmgoog_0108.png"; bbox 0 0 3225 5171; ppageno 0'>
   <div class='ocr_carea' id='block_1_1' title="bbox 679 504 2009 554">
    <p class='ocr_par' dir='ltr' id='par_1_1' title="bbox 679 504 2009 554">
     <span class='ocr_line' id='line_1_1' title="bbox 679 504 2009 554; baseline -0.007 0"><span class='ocrx_word' id='word_1_1' title='bbox 679 509 722 554; x_wconf 74' lang='grc' dir='ltr'>ὓ</span> <span class='ocrx_word' id='word_1_2' title='bbox 828 533 833 539; x_wconf 88' lang='grc'><em>·</em></span> <span class='ocrx_word' id='word_1_3' title='bbox 1553 504 2009 547; x_wconf 72' lang='lat' dir='ltr'>PROLEGOMENA</span> 
     </span>
    </p>
   </div>
   <div class='ocr_carea' id='block_1_2' title="bbox 683 621 2862 790">
    <p class='ocr_par' dir='ltr' id='par_1_2' title="bbox 683 621 2862 790">
     <span class='ocr_line' id='line_1_2' title="bbox 683 621 2862 702; baseline -0.004 -13"><span class='ocrx_word' id='word_1_4' title='bbox 683 627 1034 700; x_wconf 81' lang='lat' dir='ltr'>concideret,</span> <span class='ocrx_word' id='word_1_5' title='bbox 1073 626 1123 685; x_wconf 89' lang='lat' dir='ltr'>si</span> <span class='ocrx_word' id='word_1_6' title='bbox 1157 642 1363 684; x_wconf 91' lang='lat' dir='ltr'>verum</span> <span class='ocrx_word' id='word_1_7' title='bbox 1398 631 1551 684; x_wconf 91' lang='lat' dir='ltr'>esset</span> <span class='ocrx_word' id='word_1_8' title='bbox 1584 623 1744 702; x_wconf 89' lang='lat' dir='ltr'>quod</span> <span class='ocrx_word' id='word_1_9' title='bbox 1780 641 1968 702; x_wconf 85' lang='lat' dir='ltr'>nuper</span> <span class='ocrx_word' id='word_1_10' title='bbox 1993 621 2288 682; x_wconf 84' lang='lat' dir='ltr'>Aemilius</span> <span class='ocrx_word' id='word_1_11' title='bbox 2316 621 2631 685; x_wconf 83' lang='lat' dir='ltr'>Chatelain</span> <span class='ocrx_word' id='word_1_12' title='bbox 2655 625 2720 681; x_wconf 90' lang='lat' dir='ltr'>in</span> <span class='ocrx_word' id='word_1_13' title='bbox 2754 644 2862 702; x_wconf 88' lang='lat' dir='ltr'>pa-</span> 
     </span>
     <span class='ocr_line' id='line_1_3' title="bbox 683 707 2861 790; baseline -0.002 -18"><span class='ocrx_word' id='word_1_14' title='bbox 683 713 1066 790; x_wconf 88' lang='lat' dir='ltr'>laeographia</span> <span class='ocrx_word' id='word_1_15' title='bbox 1103 708 1478 770; x_wconf 81' lang='lat' dir='ltr'><strong>classicorum</strong></span> <span class='ocrx_word' id='word_1_16' title='bbox 1511 709 1864 768; x_wconf 83' lang='lat' dir='ltr'>Latinorum</span> <span class='ocrx_word' id='word_1_17' title='bbox 1890 709 2136 767; x_wconf 88' lang='lat' dir='ltr'>Parisiis</span> <span class='ocrx_word' id='word_1_18' title='bbox 2171 708 2246 767; x_wconf 89' lang='lat' dir='ltr'>ab</span> <span class='ocrx_word' id='word_1_19' title='bbox 2281 729 2334 766; x_wconf 85' lang='lat' dir='ltr'>a.</span> <span class='ocrx_word' id='word_1_20' title='bbox 2365 709 2531 768; x_wconf 84' lang='lat'>1884</span> <span class='ocrx_word' id='word_1_21' title='bbox 2565 707 2861 786; x_wconf 88' lang='lat' dir='ltr'>publicari</span> 
     </span>
    </p>
   </div>
   <div class='ocr_carea' id='block_1_3' title="bbox 570 791 2856 876">
    <p class='ocr_par' dir='ltr' id='par_1_3' title="bbox 570 791 2856 876">
     <span class='ocr_line' id='line_1_4' title="bbox 570 791 2856 876; baseline -0.001 -21"><span class='ocrx_word' id='word_1_22' title='bbox 570 852 573 855; x_wconf 87' lang='lat'>.</span> <span class='ocrx_word' id='word_1_23' title='bbox 685 806 892 876; x_wconf 91' lang='lat' dir='ltr'>coepta</span> <span class='ocrx_word' id='word_1_24' title='bbox 925 817 982 874; x_wconf 92' lang='lat' dir='ltr'>p.</span> <span class='ocrx_word' id='word_1_25' title='bbox 1014 798 1054 853; x_wconf 87' lang='lat'>4</span> <span class='ocrx_word' id='word_1_26' title='bbox 1088 796 1414 872; x_wconf 84' lang='lat' dir='ltr'>suspicatus</span> <span class='ocrx_word' id='word_1_27' title='bbox 1449 803 1553 867; x_wconf 88' lang='lat' dir='ltr'>est,</span> <span class='ocrx_word' id='word_1_28' title='bbox 1589 797 1765 853; x_wconf 85' lang='lat' dir='ltr'>istam</span> <span class='ocrx_word' id='word_1_29' title='bbox 1802 793 2289 872; x_wconf 82' lang='lat' dir='ltr'>subscriptionem</span> <span class='ocrx_word' id='word_1_30' title='bbox 2313 813 2445 853; x_wconf 74' lang='lat' dir='ltr'>,non</span> <span class='ocrx_word' id='word_1_31' title='bbox 2479 791 2557 851; x_wconf 88' lang='lat' dir='ltr'>ad</span> <span class='ocrx_word' id='word_1_32' title='bbox 2593 791 2856 852; x_wconf 83' lang='lat' dir='ltr'>codicem</span> 
     </span>
    </p>
   </div>
   <div class='ocr_carea' id='block_1_4' title="bbox 681 877 2868 4361">
    <p class='ocr_par' dir='ltr' id='par_1_4' title="bbox 681 877 2868 4361">
     <span class='ocr_line' id='line_1_5' title="bbox 686 877 2860 958; baseline -0.003 -16"><span class='ocrx_word' id='word_1_33' title='bbox 686 883 1256 958; x_wconf 82' lang='lat' dir='ltr'>Sangermanensem</span> <span class='ocrx_word' id='word_1_34' title='bbox 1284 882 1492 957; x_wconf 91' lang='lat' dir='ltr'>ipsum,</span> <span class='ocrx_word' id='word_1_35' title='bbox 1530 878 1636 938; x_wconf 92' lang='lat' dir='ltr'>sed</span> <span class='ocrx_word' id='word_1_36' title='bbox 1662 877 1739 938; x_wconf 88' lang='lat' dir='ltr'>ad</span> <span class='ocrx_word' id='word_1_37' title='bbox 1766 878 2101 957; x_wconf 90' lang='lat' dir='ltr'>exemplum</span> <span class='ocrx_word' id='word_1_38' title='bbox 2129 881 2273 950; x_wconf 91' lang='lat' dir='ltr'>eius,</span> <span class='ocrx_word' id='word_1_39' title='bbox 2307 878 2364 937; x_wconf 92' lang='lat' dir='ltr'>h.</span> <span class='ocrx_word' id='word_1_40' title='bbox 2394 898 2442 937; x_wconf 88' lang='lat' dir='ltr'>e.</span> <span class='ocrx_word' id='word_1_41' title='bbox 2474 878 2860 957; x_wconf 84' lang='lat' dir='ltr'>apographon</span> 
     </span>
     <span class='ocr_line' id='line_1_6' title="bbox 683 963 2860 1043; baseline -0.002 -18"><span class='ocrx_word' id='word_1_42' title='bbox 683 967 822 1027; x_wconf 89' lang='lat' dir='ltr'>libri</span> <span class='ocrx_word' id='word_1_43' title='bbox 855 968 915 1026; x_wconf 92' lang='lat' dir='ltr'><strong>V</strong></span> <span class='ocrx_word' id='word_1_44' title='bbox 950 987 1002 1024; x_wconf 91' lang='lat' dir='ltr'>a.</span> <span class='ocrx_word' id='word_1_45' title='bbox 1043 965 1203 1024; x_wconf 85' lang='lat'><strong>1375</strong></span> <span class='ocrx_word' id='word_1_46' title='bbox 1240 963 1481 1036; x_wconf 86' lang='lat' dir='ltr'>factum,</span> <span class='ocrx_word' id='word_1_47' title='bbox 1522 966 1835 1043; x_wconf 90' lang='lat' dir='ltr'>pertinere.</span> <span class='ocrx_word' id='word_1_48' title='bbox 1909 984 2087 1043; x_wconf 89' lang='lat' dir='ltr'>quam</span> <span class='ocrx_word' id='word_1_49' title='bbox 2120 963 2223 1022; x_wconf 92' lang='lat' dir='ltr'>ille</span> <span class='ocrx_word' id='word_1_50' title='bbox 2258 966 2652 1041; x_wconf 84' lang='lat' dir='ltr'>suspicionem</span> <span class='ocrx_word' id='word_1_51' title='bbox 2687 963 2860 1022; x_wconf 86' lang='lat' dir='ltr'>duxit</span> 
     </span>
     <span class='ocr_line' id='line_1_7' title="bbox 685 1047 2860 1126; baseline -0.001 -16"><span class='ocrx_word' id='word_1_52' title='bbox 685 1053 947 1121; x_wconf 86' lang='lat' dir='ltr'>maxime</span> <span class='ocrx_word' id='word_1_53' title='bbox 981 1070 1056 1110; x_wconf 92' lang='lat' dir='ltr'>ex</span> <span class='ocrx_word' id='word_1_54' title='bbox 1092 1048 1286 1108; x_wconf 90' lang='lat' dir='ltr'>verbis</span> <span class='ocrx_word' id='word_1_55' title='bbox 1323 1049 1411 1108; x_wconf 87' lang='lat' dir='ltr'>‘et</span> <span class='ocrx_word' id='word_1_56' title='bbox 1444 1047 1663 1109; x_wconf 88' lang='lat' dir='ltr'>cetera&#39;</span> <span class='ocrx_word' id='word_1_57' title='bbox 1698 1052 1765 1107; x_wconf 91' lang='lat' dir='ltr'>in</span> <span class='ocrx_word' id='word_1_58' title='bbox 1800 1048 1920 1108; x_wconf 90' lang='lat' dir='ltr'>fine</span> <span class='ocrx_word' id='word_1_59' title='bbox 1955 1049 2403 1126; x_wconf 82' lang='lat' dir='ltr'>subscriptionis</span> <span class='ocrx_word' id='word_1_60' title='bbox 2436 1050 2661 1126; x_wconf 89' lang='lat' dir='ltr'>positis,</span> <span class='ocrx_word' id='word_1_61' title='bbox 2697 1047 2860 1107; x_wconf 87' lang='lat' dir='ltr'>unde</span> 
     </span>
     <span class='ocr_line' id='line_1_8' title="bbox 686 1133 2860 1212; baseline -0.002 -16"><span class='ocrx_word' id='word_1_62' title='bbox 686 1137 803 1197; x_wconf 90' lang='lat' dir='ltr'>sibi</span> <span class='ocrx_word' id='word_1_63' title='bbox 835 1138 998 1195; x_wconf 88' lang='lat' dir='ltr'>visus</span> <span class='ocrx_word' id='word_1_64' title='bbox 1033 1142 1122 1195; x_wconf 91' lang='lat' dir='ltr'>est</span> <span class='ocrx_word' id='word_1_65' title='bbox 1156 1134 1432 1211; x_wconf 84' lang='lat' dir='ltr'>colligere</span> <span class='ocrx_word' id='word_1_66' title='bbox 1466 1154 1637 1212; x_wconf 89' lang='lat' dir='ltr'>posse</span> <span class='ocrx_word' id='word_1_67' title='bbox 1670 1141 1966 1193; x_wconf 82' lang='lat' dir='ltr'>auctorem</span> <span class='ocrx_word' id='word_1_68' title='bbox 1999 1134 2141 1193; x_wconf 88' lang='lat' dir='ltr'>libri</span> <span class='ocrx_word' id='word_1_69' title='bbox 2170 1133 2696 1209; x_wconf 85' lang='lat' dir='ltr'>Sangermanensis</span> <span class='ocrx_word' id='word_1_70' title='bbox 2731 1133 2860 1192; x_wconf 92' lang='lat' dir='ltr'>lon-</span> 
     </span>
     <span class='ocr_line' id='line_1_9' title="bbox 685 1217 2860 1300; baseline -0.001 -20"><span class='ocrx_word' id='word_1_71' title='bbox 685 1224 910 1300; x_wconf 89' lang='lat' dir='ltr'>giorem</span> <span class='ocrx_word' id='word_1_72' title='bbox 945 1221 1434 1298; x_wconf 79' lang='lat' dir='ltr'>subscriptionem</span> <span class='ocrx_word' id='word_1_73' title='bbox 1478 1222 1542 1278; x_wconf 90' lang='lat' dir='ltr'>in</span> <span class='ocrx_word' id='word_1_74' title='bbox 1576 1219 1905 1298; x_wconf 86' lang='lat' dir='ltr'>exemplari</span> <span class='ocrx_word' id='word_1_75' title='bbox 1947 1238 2053 1278; x_wconf 92' lang='lat' dir='ltr'>suo</span> <span class='ocrx_word' id='word_1_76' title='bbox 2088 1221 2392 1278; x_wconf 88' lang='lat' dir='ltr'>inventam</span> <span class='ocrx_word' id='word_1_77' title='bbox 2428 1237 2495 1278; x_wconf 91' lang='lat' dir='ltr'>eo</span> <span class='ocrx_word' id='word_1_78' title='bbox 2529 1217 2704 1277; x_wconf 90' lang='lat' dir='ltr'>modo</span> <span class='ocrx_word' id='word_1_79' title='bbox 2740 1238 2860 1277; x_wconf 89' lang='lat' dir='ltr'>am-</span> 
     </span>
     <span class='ocr_line' id='line_1_10' title="bbox 685 1303 2862 1387; baseline -0.002 -22"><span class='ocrx_word' id='word_1_80' title='bbox 685 1308 1005 1387; x_wconf 85' lang='lat' dir='ltr'>putavisse.</span> <span class='ocrx_word' id='word_1_81' title='bbox 1084 1324 1292 1364; x_wconf 89' lang='lat' dir='ltr'>verum</span> <span class='ocrx_word' id='word_1_82' title='bbox 1342 1304 1451 1362; x_wconf 88' lang='lat' dir='ltr'>illa</span> <span class='ocrx_word' id='word_1_83' title='bbox 1501 1304 1685 1364; x_wconf 89' lang='lat' dir='ltr'>verba</span> <span class='ocrx_word' id='word_1_84' title='bbox 1736 1303 1912 1364; x_wconf 84' lang='lat' dir='ltr'>facile</span> <span class='ocrx_word' id='word_1_85' title='bbox 1956 1307 2137 1363; x_wconf 88' lang='lat' dir='ltr'>etiam</span> <span class='ocrx_word' id='word_1_86' title='bbox 2180 1303 2358 1363; x_wconf 80' lang='lat' dir='ltr'>aliam</span> <span class='ocrx_word' id='word_1_87' title='bbox 2404 1303 2862 1382; x_wconf 83' lang='lat' dir='ltr'>explicationem</span> 
     </span>
     <span class='ocr_line' id='line_1_11' title="bbox 686 1386 2859 1470; baseline -0.001 -20"><span class='ocrx_word' id='word_1_88' title='bbox 686 1392 996 1451; x_wconf 80' lang='lat' dir='ltr'>admittere</span> <span class='ocrx_word' id='word_1_89' title='bbox 1048 1399 1315 1470; x_wconf 88' lang='lat' dir='ltr'>apertum</span> <span class='ocrx_word' id='word_1_90' title='bbox 1369 1396 1470 1448; x_wconf 90' lang='lat' dir='ltr'>est.</span> <span class='ocrx_word' id='word_1_91' title='bbox 1551 1408 1744 1469; x_wconf 93' lang='lat' dir='ltr'>neque</span> <span class='ocrx_word' id='word_1_92' title='bbox 1797 1409 1907 1465; x_wconf 91' lang='lat' dir='ltr'>ego</span> <span class='ocrx_word' id='word_1_93' title='bbox 1960 1388 2198 1467; x_wconf 87' lang='lat' dir='ltr'>quidem</span> <span class='ocrx_word' id='word_1_94' title='bbox 2248 1391 2452 1467; x_wconf 82' lang='lat' dir='ltr'>paucis</span> <span class='ocrx_word' id='word_1_95' title='bbox 2504 1386 2859 1467; x_wconf 88' lang='lat' dir='ltr'>quibusdam</span> 
     </span>
     <span class='ocr_line' id='line_1_12' title="bbox 683 1473 2857 1556; baseline -0.003 -19"><span class='ocrx_word' id='word_1_96' title='bbox 683 1477 916 1537; x_wconf 89' lang='lat' dir='ltr'>mendis</span> <span class='ocrx_word' id='word_1_97' title='bbox 954 1495 1107 1556; x_wconf 89' lang='lat' dir='ltr'>quae</span> <span class='ocrx_word' id='word_1_98' title='bbox 1141 1477 1206 1533; x_wconf 91' lang='lat' dir='ltr'>in</span> <span class='ocrx_word' id='word_1_99' title='bbox 1240 1473 1669 1553; x_wconf 90' lang='lat' dir='ltr'>subscriptione</span> <span class='ocrx_word' id='word_1_100' title='bbox 1711 1477 2114 1545; x_wconf 89' lang='lat' dir='ltr'>inveniuntur,</span> <span class='ocrx_word' id='word_1_101' title='bbox 2160 1480 2228 1531; x_wconf 91' lang='lat' dir='ltr'>ut</span> <span class='ocrx_word' id='word_1_102' title='bbox 2262 1476 2470 1547; x_wconf 80' lang='lat' dir='ltr'>alliquo</span> <span class='ocrx_word' id='word_1_103' title='bbox 2506 1480 2566 1532; x_wconf 91' lang='lat' dir='ltr'>et</span> <span class='ocrx_word' id='word_1_104' title='bbox 2601 1482 2857 1547; x_wconf 73' lang='lat' dir='ltr'>suqqeret</span> 
     </span>
     <span class='ocr_line' id='line_1_13' title="bbox 683 1557 2856 1641; baseline -0.002 -21"><span class='ocrx_word' id='word_1_105' title='bbox 683 1583 792 1641; x_wconf 92' lang='lat' dir='ltr'>pro</span> <span class='ocrx_word' id='word_1_106' title='bbox 830 1570 1170 1635; x_wconf 73' lang='lat' dir='ltr'>suqqereret,</span> <span class='ocrx_word' id='word_1_107' title='bbox 1225 1579 1472 1639; x_wconf 90' lang='lat' dir='ltr'>quorum</span> <span class='ocrx_word' id='word_1_108' title='bbox 1513 1558 1626 1618; x_wconf 92' lang='lat' dir='ltr'>hoc</span> <span class='ocrx_word' id='word_1_109' title='bbox 1670 1577 1747 1618; x_wconf 89' lang='lat' dir='ltr'>ex</span> <span class='ocrx_word' id='word_1_110' title='bbox 1781 1557 2206 1618; x_wconf 89' lang='lat' dir='ltr'>consuetudine</span> <span class='ocrx_word' id='word_1_111' title='bbox 2239 1558 2531 1617; x_wconf 87' lang='lat' dir='ltr'>vocabula</span> <span class='ocrx_word' id='word_1_112' title='bbox 2562 1576 2669 1636; x_wconf 91' lang='lat' dir='ltr'>per</span> <span class='ocrx_word' id='word_1_113' title='bbox 2705 1578 2856 1616; x_wconf 51' lang='lat' dir='ltr'>comz</span> 
     </span>
     <span class='ocr_line' id='line_1_14' title="bbox 684 1642 2860 1726; baseline -0.003 -20"><span class='ocrx_word' id='word_1_114' title='bbox 684 1645 907 1726; x_wconf 92' lang='lat' dir='ltr'>pendia</span> <span class='ocrx_word' id='word_1_115' title='bbox 942 1643 1237 1705; x_wconf 91' lang='lat' dir='ltr'>scribendi</span> <span class='ocrx_word' id='word_1_116' title='bbox 1271 1651 1461 1703; x_wconf 86' lang='lat' dir='ltr'>ortum</span> <span class='ocrx_word' id='word_1_117' title='bbox 1494 1650 1600 1717; x_wconf 91' lang='lat' dir='ltr'>est,</span> <span class='ocrx_word' id='word_1_118' title='bbox 1646 1652 1705 1704; x_wconf 91' lang='lat' dir='ltr'>et</span> <span class='ocrx_word' id='word_1_119' title='bbox 1736 1647 2171 1703; x_wconf 86' lang='lat' dir='ltr'>inconstantiae</span> <span class='ocrx_word' id='word_1_120' title='bbox 2203 1646 2270 1701; x_wconf 90' lang='lat' dir='ltr'>in</span> <span class='ocrx_word' id='word_1_121' title='bbox 2305 1662 2369 1702; x_wconf 91' lang='lat' dir='ltr'>re</span> <span class='ocrx_word' id='word_1_122' title='bbox 2404 1642 2860 1720; x_wconf 85' lang='lat' dir='ltr'>orthographica</span> 
     </span>
     <span class='ocr_line' id='line_1_15' title="bbox 687 1727 2858 1807; baseline -0.001 -18"><span class='ocrx_word' id='word_1_123' title='bbox 687 1727 865 1807; x_wconf 90' lang='lat' dir='ltr'>(conf.</span> <span class='ocrx_word' id='word_1_124' title='bbox 905 1740 1168 1806; x_wconf 75' lang='lat' dir='ltr'>comptus</span> <span class='ocrx_word' id='word_1_125' title='bbox 1205 1735 1264 1789; x_wconf 91' lang='lat' dir='ltr'>et</span> <span class='ocrx_word' id='word_1_126' title='bbox 1300 1727 1741 1806; x_wconf 77' lang='lat' dir='ltr'>corruptissimo)</span> <span class='ocrx_word' id='word_1_127' title='bbox 1776 1736 2007 1788; x_wconf 90' lang='lat' dir='ltr'>tantum</span> <span class='ocrx_word' id='word_1_128' title='bbox 2033 1729 2292 1787; x_wconf 89' lang='lat' dir='ltr'>tribuere</span> <span class='ocrx_word' id='word_1_129' title='bbox 2319 1731 2525 1787; x_wconf 88' lang='lat' dir='ltr'>ausim.</span> <span class='ocrx_word' id='word_1_130' title='bbox 2600 1736 2858 1787; x_wconf 90' lang='lat' dir='ltr'>ceterum</span> 
     </span>
     <span class='ocr_line' id='line_1_16' title="bbox 685 1812 2860 1894; baseline -0.002 -20"><span class='ocrx_word' id='word_1_131' title='bbox 685 1820 816 1894; x_wconf 91' lang='lat' dir='ltr'>ipse</span> <span class='ocrx_word' id='word_1_132' title='bbox 861 1814 1243 1886; x_wconf 86' lang='lat' dir='ltr'>Chatelanius</span> <span class='ocrx_word' id='word_1_133' title='bbox 1296 1816 1626 1874; x_wconf 88' lang='lat' dir='ltr'>necessario</span> <span class='ocrx_word' id='word_1_134' title='bbox 1677 1818 1964 1874; x_wconf 85' lang='lat' dir='ltr'>concessit</span> <span class='ocrx_word' id='word_1_135' title='bbox 2014 1817 2362 1892; x_wconf 85' lang='lat' dir='ltr'>scripturam</span> <span class='ocrx_word' id='word_1_136' title='bbox 2421 1813 2562 1871; x_wconf 89' lang='lat' dir='ltr'>libri</span> <span class='ocrx_word' id='word_1_137' title='bbox 2605 1812 2860 1887; x_wconf 86' lang='lat' dir='ltr'>Sanger·</span> 
     </span>
     <span class='ocr_line' id='line_1_17' title="bbox 685 1897 2861 1979; baseline -0.001 -21"><span class='ocrx_word' id='word_1_138' title='bbox 685 1904 987 1960; x_wconf 90' lang='lat' dir='ltr'>manensis</span> <span class='ocrx_word' id='word_1_139' title='bbox 1031 1921 1152 1959; x_wconf 89' lang='lat' dir='ltr'>non</span> <span class='ocrx_word' id='word_1_140' title='bbox 1192 1918 1366 1979; x_wconf 88' lang='lat' dir='ltr'>posse</span> <span class='ocrx_word' id='word_1_141' title='bbox 1411 1919 1566 1958; x_wconf 87' lang='lat' dir='ltr'>anno</span> <span class='ocrx_word' id='word_1_142' title='bbox 1617 1899 1779 1957; x_wconf 83' lang='lat'><strong>1375</strong></span> <span class='ocrx_word' id='word_1_143' title='bbox 1826 1899 2010 1958; x_wconf 91' lang='lat' dir='ltr'>multo</span> <span class='ocrx_word' id='word_1_144' title='bbox 2052 1897 2394 1957; x_wconf 87' lang='lat' dir='ltr'>inferiorem</span> <span class='ocrx_word' id='word_1_145' title='bbox 2438 1916 2580 1956; x_wconf 90' lang='lat' dir='ltr'>esse.</span> <span class='ocrx_word' id='word_1_146' title='bbox 2652 1897 2757 1957; x_wconf 90' lang='lat' dir='ltr'>sed</span> <span class='ocrx_word' id='word_1_147' title='bbox 2791 1905 2861 1956; x_wconf 89' lang='lat' dir='ltr'>ut</span> 
     </span>
     <span class='ocr_line' id='line_1_18' title="bbox 686 1982 2858 2064; baseline -0.002 -20"><span class='ocrx_word' id='word_1_148' title='bbox 686 1989 1021 2044; x_wconf 85' lang='lat' dir='ltr'>institutam</span> <span class='ocrx_word' id='word_1_149' title='bbox 1074 1984 1533 2062; x_wconf 89' lang='lat' dir='ltr'>disputationem</span> <span class='ocrx_word' id='word_1_150' title='bbox 1583 2003 1918 2064; x_wconf 88' lang='lat' dir='ltr'>persequar,</span> <span class='ocrx_word' id='word_1_151' title='bbox 1972 1991 2106 2062; x_wconf 92' lang='lat' dir='ltr'>post</span> <span class='ocrx_word' id='word_1_152' title='bbox 2157 1982 2269 2041; x_wconf 91' lang='lat' dir='ltr'>hoc</span> <span class='ocrx_word' id='word_1_153' title='bbox 2321 1990 2551 2062; x_wconf 90' lang='lat' dir='ltr'>tempus</span> <span class='ocrx_word' id='word_1_154' title='bbox 2602 1985 2858 2058; x_wconf 85' lang='lat' dir='ltr'>vestigia</span> 
     </span>
     <span class='ocr_line' id='line_1_19' title="bbox 688 2067 2859 2148; baseline -0.002 -18"><span class='ocrx_word' id='word_1_155' title='bbox 688 2071 949 2148; x_wconf 87' lang='lat' dir='ltr'>exempli</span> <span class='ocrx_word' id='word_1_156' title='bbox 999 2070 1358 2129; x_wconf 87' lang='lat' dir='ltr'>Veronensis</span> <span class='ocrx_word' id='word_1_157' title='bbox 1409 2089 1608 2128; x_wconf 90' lang='lat' dir='ltr'>rursus</span> <span class='ocrx_word' id='word_1_158' title='bbox 1661 2076 2039 2129; x_wconf 86' lang='lat' dir='ltr'>evanescunt.</span> <span class='ocrx_word' id='word_1_159' title='bbox 2110 2071 2228 2126; x_wconf 91' lang='lat' dir='ltr'>nisi</span> <span class='ocrx_word' id='word_1_160' title='bbox 2280 2067 2441 2147; x_wconf 92' lang='lat' dir='ltr'>quod</span> <span class='ocrx_word' id='word_1_161' title='bbox 2490 2087 2612 2129; x_wconf 90' lang='lat' dir='ltr'>non</span> <span class='ocrx_word' id='word_1_162' title='bbox 2661 2070 2859 2145; x_wconf 76' lang='lat' dir='ltr'>inpro-</span> 
     </span>
     <span class='ocr_line' id='line_1_20' title="bbox 685 2151 2859 2232; baseline -0.002 -17"><span class='ocrx_word' id='word_1_163' title='bbox 685 2155 893 2215; x_wconf 91' lang='lat' dir='ltr'>babile</span> <span class='ocrx_word' id='word_1_164' title='bbox 937 2163 1026 2213; x_wconf 91' lang='lat' dir='ltr'>est</span> <span class='ocrx_word' id='word_1_165' title='bbox 1058 2155 1391 2232; x_wconf 89' lang='lat' dir='ltr'>Baptistam</span> <span class='ocrx_word' id='word_1_166' title='bbox 1426 2154 1760 2213; x_wconf 82' lang='lat' dir='ltr'>Guarinum</span> <span class='ocrx_word' id='word_1_167' title='bbox 1796 2173 1864 2213; x_wconf 92' lang='lat' dir='ltr'>eo</span> <span class='ocrx_word' id='word_1_168' title='bbox 1901 2158 2079 2214; x_wconf 88' lang='lat' dir='ltr'>etiam</span> <span class='ocrx_word' id='word_1_169' title='bbox 2114 2173 2287 2212; x_wconf 89' lang='lat' dir='ltr'>usum</span> <span class='ocrx_word' id='word_1_170' title='bbox 2322 2171 2464 2213; x_wconf 89' lang='lat' dir='ltr'>esse.</span> <span class='ocrx_word' id='word_1_171' title='bbox 2533 2151 2600 2210; x_wconf 92' lang='lat' dir='ltr'>id</span> <span class='ocrx_word' id='word_1_172' title='bbox 2634 2159 2701 2211; x_wconf 89' lang='lat' dir='ltr'>ut</span> <span class='ocrx_word' id='word_1_173' title='bbox 2736 2171 2859 2211; x_wconf 86' lang='lat' dir='ltr'>cre-</span> 
     </span>
     <span class='ocr_line' id='line_1_21' title="bbox 687 2237 2860 2319; baseline -0 -21"><span class='ocrx_word' id='word_1_174' title='bbox 687 2240 898 2300; x_wconf 87' lang='lat' dir='ltr'>damus</span> <span class='ocrx_word' id='word_1_175' title='bbox 935 2260 1055 2298; x_wconf 88' lang='lat' dir='ltr'>non</span> <span class='ocrx_word' id='word_1_176' title='bbox 1089 2246 1212 2297; x_wconf 87' lang='lat' dir='ltr'>tam</span> <span class='ocrx_word' id='word_1_177' title='bbox 1246 2239 1368 2298; x_wconf 90' lang='lat' dir='ltr'>illis</span> <span class='ocrx_word' id='word_1_178' title='bbox 1396 2239 1733 2299; x_wconf 82' lang='lat' dir='ltr'>Alexandri</span> <span class='ocrx_word' id='word_1_179' title='bbox 1768 2239 1897 2313; x_wconf 92' lang='lat' dir='ltr'>filii,</span> <span class='ocrx_word' id='word_1_180' title='bbox 1935 2242 2038 2319; x_wconf 93' lang='lat' dir='ltr'>qui</span> <span class='ocrx_word' id='word_1_181' title='bbox 2067 2237 2290 2298; x_wconf 86' lang='lat' dir='ltr'>Catulli</span> <span class='ocrx_word' id='word_1_182' title='bbox 2325 2240 2587 2297; x_wconf 90' lang='lat' dir='ltr'>carmina</span> <span class='ocrx_word' id='word_1_183' title='bbox 2620 2258 2657 2296; x_wconf 88' lang='lat' dir='ltr'>a</span> <span class='ocrx_word' id='word_1_184' title='bbox 2690 2245 2860 2315; x_wconf 89' lang='lat' dir='ltr'>patre</span> 
     </span>
     <span class='ocr_line' id='line_1_22' title="bbox 689 2321 2857 2401; baseline -0.002 -17"><span class='ocrx_word' id='word_1_185' title='bbox 689 2323 1004 2384; x_wconf 88' lang='lat' dir='ltr'>emendata</span> <span class='ocrx_word' id='word_1_186' title='bbox 1048 2326 1317 2384; x_wconf 86' lang='lat' dir='ltr'>Venetiis</span> <span class='ocrx_word' id='word_1_187' title='bbox 1361 2343 1414 2382; x_wconf 88' lang='lat' dir='ltr'>a.</span> <span class='ocrx_word' id='word_1_188' title='bbox 1464 2325 1627 2382; x_wconf 80' lang='lat'>1521</span> <span class='ocrx_word' id='word_1_189' title='bbox 1675 2323 1877 2397; x_wconf 87' lang='lat' dir='ltr'>edidit,</span> <span class='ocrx_word' id='word_1_190' title='bbox 1934 2325 2009 2383; x_wconf 92' lang='lat' dir='ltr'>de</span> <span class='ocrx_word' id='word_1_191' title='bbox 2052 2323 2254 2383; x_wconf 91' lang='lat' dir='ltr'>codice</span> <span class='ocrx_word' id='word_1_192' title='bbox 2299 2321 2857 2401; x_wconf 87' lang='lat' dir='ltr'>‘antiquissimo&#39;</span> 
     </span>
     <span class='ocr_line' id='line_1_23' title="bbox 687 2406 2855 2489; baseline -0.001 -21"><span class='ocrx_word' id='word_1_193' title='bbox 687 2413 818 2469; x_wconf 90' lang='lat' dir='ltr'>sive</span> <span class='ocrx_word' id='word_1_194' title='bbox 862 2409 1212 2489; x_wconf 90' lang='lat' dir='ltr'>‘antiquo’</span> <span class='ocrx_word' id='word_1_195' title='bbox 1262 2411 1388 2469; x_wconf 88' lang='lat' dir='ltr'>sive</span> <span class='ocrx_word' id='word_1_196' title='bbox 1433 2408 1771 2468; x_wconf 88' lang='lat' dir='ltr'>‘vetusto’</span> <span class='ocrx_word' id='word_1_197' title='bbox 1820 2409 2250 2469; x_wconf 85' lang='lat' dir='ltr'>adnotamentis</span> <span class='ocrx_word' id='word_1_198' title='bbox 2295 2406 2397 2483; x_wconf 89' lang='lat' dir='ltr'>(de</span> <span class='ocrx_word' id='word_1_199' title='bbox 2440 2407 2655 2487; x_wconf 87' lang='lat' dir='ltr'>quibus</span> <span class='ocrx_word' id='word_1_200' title='bbox 2698 2406 2855 2466; x_wconf 85' lang='lat' dir='ltr'>conf.</span> 
     </span>
     <span class='ocr_line' id='line_1_24' title="bbox 687 2490 2861 2572; baseline -0.001 -18"><span class='ocrx_word' id='word_1_201' title='bbox 687 2493 1034 2554; x_wconf 80' lang='lat' dir='ltr'>Schwabius</span> <span class='ocrx_word' id='word_1_202' title='bbox 1077 2497 1145 2552; x_wconf 93' lang='lat' dir='ltr'>in</span> <span class='ocrx_word' id='word_1_203' title='bbox 1187 2492 1312 2552; x_wconf 89' lang='lat' dir='ltr'>ind.</span> <span class='ocrx_word' id='word_1_204' title='bbox 1351 2493 1530 2552; x_wconf 89' lang='lat' dir='ltr'>schol.</span> <span class='ocrx_word' id='word_1_205' title='bbox 1569 2494 1817 2570; x_wconf 89' lang='lat' dir='ltr'>Dorpat.</span> <span class='ocrx_word' id='word_1_206' title='bbox 1854 2516 1906 2552; x_wconf 89' lang='lat' dir='ltr'>a.</span> <span class='ocrx_word' id='word_1_207' title='bbox 1948 2495 2131 2566; x_wconf 83' lang='lat'>1865,</span> <span class='ocrx_word' id='word_1_208' title='bbox 2176 2514 2231 2572; x_wconf 91' lang='lat' dir='ltr'>p.</span> <span class='ocrx_word' id='word_1_209' title='bbox 2272 2495 2350 2550; x_wconf 84' lang='lat'>12</span> <span class='ocrx_word' id='word_1_210' title='bbox 2372 2490 2471 2567; x_wconf 73' lang='lat' dir='ltr'>ss)</span> <span class='ocrx_word' id='word_1_211' title='bbox 2510 2491 2861 2551; x_wconf 89' lang='lat' dir='ltr'>adducimur</span> 
     </span>
     <span class='ocr_line' id='line_1_25' title="bbox 687 2577 2859 2660; baseline 0 -21"><span class='ocrx_word' id='word_1_212' title='bbox 687 2600 867 2660; x_wconf 91' lang='lat' dir='ltr'>quam</span> <span class='ocrx_word' id='word_1_213' title='bbox 898 2579 1029 2640; x_wconf 92' lang='lat' dir='ltr'>loco</span> <span class='ocrx_word' id='word_1_214' title='bbox 1066 2578 1321 2659; x_wconf 90' lang='lat' dir='ltr'>quodam</span> <span class='ocrx_word' id='word_1_215' title='bbox 1356 2577 1644 2656; x_wconf 90' lang='lat' dir='ltr'>epistulae</span> <span class='ocrx_word' id='word_1_216' title='bbox 1677 2580 2073 2639; x_wconf 82' lang='lat' dir='ltr'>Ferrariensis</span> <span class='ocrx_word' id='word_1_217' title='bbox 2109 2599 2161 2638; x_wconf 88' lang='lat' dir='ltr'>a.</span> <span class='ocrx_word' id='word_1_218' title='bbox 2202 2579 2364 2638; x_wconf 83' lang='lat'>1456</span> <span class='ocrx_word' id='word_1_219' title='bbox 2401 2581 2667 2657; x_wconf 87' lang='lat' dir='ltr'>scriptae,</span> <span class='ocrx_word' id='word_1_220' title='bbox 2706 2597 2859 2658; x_wconf 81' lang='lat' dir='ltr'>quae</span> 
     </span>
     <span class='ocr_line' id='line_1_26' title="bbox 687 2663 2860 2744; baseline 0 -21"><span class='ocrx_word' id='word_1_221' title='bbox 687 2685 877 2744; x_wconf 90' lang='lat' dir='ltr'>nuper</span> <span class='ocrx_word' id='word_1_222' title='bbox 913 2666 987 2724; x_wconf 86' lang='lat' dir='ltr'>ab</span> <span class='ocrx_word' id='word_1_223' title='bbox 1023 2666 1299 2741; x_wconf 85' lang='lat' dir='ltr'>Eugenio</span> <span class='ocrx_word' id='word_1_224' title='bbox 1335 2663 1553 2723; x_wconf 89' lang='lat' dir='ltr'>Abelio</span> <span class='ocrx_word' id='word_1_225' title='bbox 1590 2683 1624 2722; x_wconf 93' lang='lat' dir='ltr'>e</span> <span class='ocrx_word' id='word_1_226' title='bbox 1660 2664 1861 2723; x_wconf 89' lang='lat' dir='ltr'>codice</span> <span class='ocrx_word' id='word_1_227' title='bbox 1895 2664 2299 2743; x_wconf 81' lang='lat' dir='ltr'>Apponyiano</span> <span class='ocrx_word' id='word_1_228' title='bbox 2343 2664 2645 2742; x_wconf 86' lang='lat' dir='ltr'>publicata</span> <span class='ocrx_word' id='word_1_229' title='bbox 2676 2671 2860 2723; x_wconf 89' lang='lat' dir='ltr'>recte-</span> 
     </span>
     <span class='ocr_line' id='line_1_27' title="bbox 687 2748 2857 2830; baseline -0 -21"><span class='ocrx_word' id='word_1_230' title='bbox 687 2770 802 2830; x_wconf 89' lang='lat' dir='ltr'>que</span> <span class='ocrx_word' id='word_1_231' title='bbox 837 2750 999 2810; x_wconf 90' lang='lat' dir='ltr'>haud</span> <span class='ocrx_word' id='word_1_232' title='bbox 1033 2750 1210 2809; x_wconf 92' lang='lat' dir='ltr'>dubie</span> <span class='ocrx_word' id='word_1_233' title='bbox 1244 2749 1549 2826; x_wconf 88' lang='lat' dir='ltr'>Baptistae</span> <span class='ocrx_word' id='word_1_234' title='bbox 1585 2748 1851 2808; x_wconf 82' lang='lat' dir='ltr'>Guarino</span> <span class='ocrx_word' id='word_1_235' title='bbox 1887 2750 2171 2809; x_wconf 89' lang='lat' dir='ltr'>attributa</span> <span class='ocrx_word' id='word_1_236' title='bbox 2206 2756 2293 2809; x_wconf 92' lang='lat' dir='ltr'>est</span> <span class='ocrx_word' id='word_1_237' title='bbox 2328 2749 2551 2828; x_wconf 91' lang='lat' dir='ltr'>ephem.</span> <span class='ocrx_word' id='word_1_238' title='bbox 2588 2769 2857 2827; x_wconf 87' lang='lat' dir='ltr'>gymnas.</span> 
     </span>
     <span class='ocr_line' id='line_1_28' title="bbox 687 2834 2855 2914; baseline -0.001 -20"><span class='ocrx_word' id='word_1_239' title='bbox 687 2837 983 2895; x_wconf 88' lang='lat' dir='ltr'>Austriac.</span> <span class='ocrx_word' id='word_1_240' title='bbox 1026 2844 1066 2894; x_wconf 90' lang='lat' dir='ltr'>t.</span> <span class='ocrx_word' id='word_1_241' title='bbox 1109 2835 1407 2907; x_wconf 92' lang='lat' dir='ltr'>XXXIV,</span> <span class='ocrx_word' id='word_1_242' title='bbox 1454 2856 1509 2914; x_wconf 90' lang='lat' dir='ltr'>p.</span> <span class='ocrx_word' id='word_1_243' title='bbox 1551 2836 1674 2892; x_wconf 87' lang='grc'>164</span> <span class='ocrx_word' id='word_1_244' title='bbox 1702 2854 1774 2893; x_wconf 91' lang='lat' dir='ltr'>ss.</span> <span class='ocrx_word' id='word_1_245' title='bbox 1852 2837 1917 2892; x_wconf 91' lang='lat' dir='ltr'>in</span> <span class='ocrx_word' id='word_1_246' title='bbox 1961 2834 2081 2894; x_wconf 90' lang='lat' dir='ltr'>fine</span> <span class='ocrx_word' id='word_1_247' title='bbox 2124 2838 2283 2893; x_wconf 90' lang='lat' dir='ltr'>enim</span> <span class='ocrx_word' id='word_1_248' title='bbox 2333 2835 2510 2893; x_wconf 91' lang='lat' dir='ltr'>huius</span> <span class='ocrx_word' id='word_1_249' title='bbox 2553 2834 2855 2913; x_wconf 87' lang='lat' dir='ltr'>epistulae,</span> 
     </span>
     <span class='ocr_line' id='line_1_29' title="bbox 689 2918 2860 3001; baseline -0.001 -20"><span class='ocrx_word' id='word_1_250' title='bbox 689 2940 844 2999; x_wconf 88' lang='lat' dir='ltr'>quae</span> <span class='ocrx_word' id='word_1_251' title='bbox 879 2921 955 2979; x_wconf 87' lang='lat' dir='ltr'>ad</span> <span class='ocrx_word' id='word_1_252' title='bbox 990 2940 1305 3001; x_wconf 87' lang='lat' dir='ltr'>quemnam</span> <span class='ocrx_word' id='word_1_253' title='bbox 1349 2920 1488 2979; x_wconf 89' lang='lat' dir='ltr'>data</span> <span class='ocrx_word' id='word_1_254' title='bbox 1524 2923 1601 2978; x_wconf 93' lang='lat' dir='ltr'>sit</span> <span class='ocrx_word' id='word_1_255' title='bbox 1635 2922 1899 2996; x_wconf 88' lang='lat' dir='ltr'>ignorari</span> <span class='ocrx_word' id='word_1_256' title='bbox 1935 2918 2251 2978; x_wconf 85' lang='lat' dir='ltr'>dolendum</span> <span class='ocrx_word' id='word_1_257' title='bbox 2286 2929 2392 2992; x_wconf 88' lang='lat' dir='ltr'>est,</span> <span class='ocrx_word' id='word_1_258' title='bbox 2437 2918 2620 2978; x_wconf 89' lang='lat' dir='ltr'>haece</span> <span class='ocrx_word' id='word_1_259' title='bbox 2653 2918 2860 2996; x_wconf 86' lang='lat' dir='ltr'>legun-</span> 
     </span>
     <span class='ocr_line' id='line_1_30' title="bbox 685 3003 2860 3083; baseline 0 -19"><span class='ocrx_word' id='word_1_260' title='bbox 685 3014 812 3064; x_wconf 87' lang='lat' dir='ltr'>tur:</span> <span class='ocrx_word' id='word_1_261' title='bbox 869 3005 1198 3066; x_wconf 86' lang='lat' dir='ltr'>‘Gatullum</span> <span class='ocrx_word' id='word_1_262' title='bbox 1240 3005 1347 3065; x_wconf 91' lang='lat' dir='ltr'>ubi</span> <span class='ocrx_word' id='word_1_263' title='bbox 1389 3006 1690 3064; x_wconf 89' lang='lat' dir='ltr'>meliorem</span> <span class='ocrx_word' id='word_1_264' title='bbox 1733 3003 1944 3077; x_wconf 86' lang='lat' dir='ltr'>fecero,</span> <span class='ocrx_word' id='word_1_265' title='bbox 1991 3004 2069 3062; x_wconf 90' lang='lat' dir='ltr'>ad</span> <span class='ocrx_word' id='word_1_266' title='bbox 2110 3007 2375 3083; x_wconf 90' lang='lat' dir='ltr'>proprios</span> <span class='ocrx_word' id='word_1_267' title='bbox 2409 3003 2562 3063; x_wconf 88' lang='lat' dir='ltr'>lares</span> <span class='ocrx_word' id='word_1_268' title='bbox 2596 3023 2860 3064; x_wconf 87' lang='lat' dir='ltr'>remeare</span> 
     </span>
     <span class='ocr_line' id='line_1_31' title="bbox 688 3088 2861 3169; baseline -0.001 -19"><span class='ocrx_word' id='word_1_269' title='bbox 688 3090 1074 3169; x_wconf 87' lang='lat' dir='ltr'>compellam.&#39;</span> <span class='ocrx_word' id='word_1_270' title='bbox 1124 3094 1192 3148; x_wconf 89' lang='lat' dir='ltr'>in</span> <span class='ocrx_word' id='word_1_271' title='bbox 1226 3090 1441 3169; x_wconf 91' lang='lat' dir='ltr'>quibus</span> <span class='ocrx_word' id='word_1_272' title='bbox 1477 3090 1661 3149; x_wconf 87' lang='lat' dir='ltr'>verba</span> <span class='ocrx_word' id='word_1_273' title='bbox 1686 3092 1768 3147; x_wconf 85' lang='lat' dir='ltr'>ad</span> <span class='ocrx_word' id='word_1_274' title='bbox 1790 3092 2064 3165; x_wconf 79' lang='lat' dir='ltr'>proprios</span> <span class='ocrx_word' id='word_1_275' title='bbox 2097 3093 2250 3147; x_wconf 80' lang='lat' dir='ltr'>lares</span> <span class='ocrx_word' id='word_1_276' title='bbox 2285 3110 2530 3147; x_wconf 82' lang='lat' dir='ltr'>remeare</span> <span class='ocrx_word' id='word_1_277' title='bbox 2553 3092 2660 3148; x_wconf 91' lang='lat' dir='ltr'>vix</span> <span class='ocrx_word' id='word_1_278' title='bbox 2694 3088 2861 3148; x_wconf 87' lang='lat' dir='ltr'>aliud</span> 
     </span>
     <span class='ocr_line' id='line_1_32' title="bbox 688 3176 2859 3255; baseline -0.001 -22"><span class='ocrx_word' id='word_1_279' title='bbox 688 3179 1010 3255; x_wconf 89' lang='lat' dir='ltr'>quicquam</span> <span class='ocrx_word' id='word_1_280' title='bbox 1045 3176 1381 3251; x_wconf 90' lang='lat' dir='ltr'>significare</span> <span class='ocrx_word' id='word_1_281' title='bbox 1415 3182 1661 3251; x_wconf 90' lang='lat' dir='ltr'>possunt</span> <span class='ocrx_word' id='word_1_282' title='bbox 1688 3194 1865 3253; x_wconf 89' lang='lat' dir='ltr'>quam</span> <span class='ocrx_word' id='word_1_283' title='bbox 1901 3176 2176 3233; x_wconf 79' lang='lat' dir='ltr'>Veronam</span> <span class='ocrx_word' id='word_1_284' title='bbox 2210 3176 2412 3246; x_wconf 83' lang='lat' dir='ltr'>redire,</span> <span class='ocrx_word' id='word_1_285' title='bbox 2448 3193 2559 3232; x_wconf 90' lang='lat' dir='ltr'>nec</span> <span class='ocrx_word' id='word_1_286' title='bbox 2590 3178 2859 3251; x_wconf 90' lang='lat' dir='ltr'>ineptum</span> 
     </span>
     <span class='ocr_line' id='line_1_33' title="bbox 688 3258 2863 3337; baseline -0 -19"><span class='ocrx_word' id='word_1_287' title='bbox 688 3260 871 3318; x_wconf 89' lang='lat' dir='ltr'>fuerit</span> <span class='ocrx_word' id='word_1_288' title='bbox 915 3263 1203 3337; x_wconf 90' lang='lat' dir='ltr'>suspicari</span> <span class='ocrx_word' id='word_1_289' title='bbox 1237 3258 1589 3331; x_wconf 80' lang='lat' dir='ltr'>Guarinum,</span> <span class='ocrx_word' id='word_1_290' title='bbox 1629 3279 1762 3318; x_wconf 92' lang='lat' dir='ltr'>cum</span> <span class='ocrx_word' id='word_1_291' title='bbox 1806 3263 1891 3319; x_wconf 92' lang='lat' dir='ltr'>sic</span> <span class='ocrx_word' id='word_1_292' title='bbox 1936 3259 2231 3331; x_wconf 87' lang='lat' dir='ltr'>scriberet,</span> <span class='ocrx_word' id='word_1_293' title='bbox 2265 3263 2332 3318; x_wconf 90' lang='lat' dir='ltr'>in</span> <span class='ocrx_word' id='word_1_294' title='bbox 2367 3278 2603 3318; x_wconf 88' lang='lat' dir='ltr'>carmen</span> <span class='ocrx_word' id='word_1_295' title='bbox 2636 3259 2863 3317; x_wconf 91' lang='lat' dir='ltr'>XXXI</span> 
     </span>
     <span class='ocr_line' id='line_1_34' title="bbox 691 3340 2861 3421; baseline -0 -17"><span class='ocrx_word' id='word_1_296' title='bbox 691 3343 916 3404; x_wconf 84' lang='lat' dir='ltr'>Catulli</span> <span class='ocrx_word' id='word_1_297' title='bbox 950 3342 1129 3417; x_wconf 87' lang='lat' dir='ltr'>(conf.</span> <span class='ocrx_word' id='word_1_298' title='bbox 1165 3364 1222 3401; x_wconf 93' lang='lat' dir='ltr'>v.</span> <span class='ocrx_word' id='word_1_299' title='bbox 1260 3340 1323 3419; x_wconf 88' lang='grc'>9)</span> <span class='ocrx_word' id='word_1_300' title='bbox 1357 3346 1616 3402; x_wconf 88' lang='lat' dir='ltr'>iocatum</span> <span class='ocrx_word' id='word_1_301' title='bbox 1661 3363 1806 3404; x_wconf 84' lang='lat' dir='ltr'>esse.</span> <span class='ocrx_word' id='word_1_302' title='bbox 1876 3343 2110 3404; x_wconf 88' lang='lat' dir='ltr'>videtur</span> <span class='ocrx_word' id='word_1_303' title='bbox 2150 3347 2336 3421; x_wconf 90' lang='lat' dir='ltr'>igitur</span> <span class='ocrx_word' id='word_1_304' title='bbox 2376 3352 2672 3404; x_wconf 90' lang='lat' dir='ltr'>vetustum</span> <span class='ocrx_word' id='word_1_305' title='bbox 2706 3343 2861 3403; x_wconf 89' lang='lat' dir='ltr'>illud</span> 
     </span>
     <span class='ocr_line' id='line_1_35' title="bbox 690 3428 2863 3509; baseline 0 -22"><span class='ocrx_word' id='word_1_306' title='bbox 690 3429 1029 3508; x_wconf 89' lang='lat' dir='ltr'>exemplum</span> <span class='ocrx_word' id='word_1_307' title='bbox 1065 3432 1243 3487; x_wconf 88' lang='lat' dir='ltr'>etiam</span> <span class='ocrx_word' id='word_1_308' title='bbox 1276 3428 1470 3488; x_wconf 89' lang='lat' dir='ltr'>medio</span> <span class='ocrx_word' id='word_1_309' title='bbox 1498 3429 1732 3488; x_wconf 89' lang='lat' dir='ltr'>saeculo</span> <span class='ocrx_word' id='word_1_310' title='bbox 1758 3432 1965 3509; x_wconf 87' lang='lat' dir='ltr'>quinto</span> <span class='ocrx_word' id='word_1_311' title='bbox 1994 3428 2220 3489; x_wconf 91' lang='lat' dir='ltr'>decimo</span> <span class='ocrx_word' id='word_1_312' title='bbox 2246 3431 2517 3490; x_wconf 88' lang='lat' dir='ltr'>Veronae</span> <span class='ocrx_word' id='word_1_313' title='bbox 2549 3432 2618 3488; x_wconf 90' lang='lat' dir='ltr'>in</span> <span class='ocrx_word' id='word_1_314' title='bbox 2650 3429 2863 3488; x_wconf 94' lang='lat' dir='ltr'>biblio-</span> 
     </span>
     <span class='ocr_line' id='line_1_36' title="bbox 687 3512 2865 3594; baseline 0.002 -22"><span class='ocrx_word' id='word_1_315' title='bbox 687 3514 862 3573; x_wconf 87' lang='lat' dir='ltr'>theca</span> <span class='ocrx_word' id='word_1_316' title='bbox 896 3513 1210 3592; x_wconf 87' lang='lat' dir='ltr'>capitulari</span> <span class='ocrx_word' id='word_1_317' title='bbox 1242 3513 1619 3573; x_wconf 88' lang='lat' dir='ltr'>adservatum</span> <span class='ocrx_word' id='word_1_318' title='bbox 1645 3513 1904 3594; x_wconf 90' lang='lat' dir='ltr'>indeque</span> <span class='ocrx_word' id='word_1_319' title='bbox 1929 3514 2196 3574; x_wconf 82' lang='lat' dir='ltr'>Guarino</span> <span class='ocrx_word' id='word_1_320' title='bbox 2222 3516 2446 3593; x_wconf 86' lang='lat' dir='ltr'>petenti</span> <span class='ocrx_word' id='word_1_321' title='bbox 2477 3533 2585 3593; x_wconf 92' lang='lat' dir='ltr'>per</span> <span class='ocrx_word' id='word_1_322' title='bbox 2619 3512 2865 3594; x_wconf 82' lang='lat' dir='ltr'>aliquod</span> 
     </span>
     <span class='ocr_line' id='line_1_37' title="bbox 685 3599 2863 3679; baseline -0 -21"><span class='ocrx_word' id='word_1_323' title='bbox 685 3608 920 3678; x_wconf 86' lang='lat' dir='ltr'>tempus</span> <span class='ocrx_word' id='word_1_324' title='bbox 957 3599 1389 3659; x_wconf 88' lang='lat' dir='ltr'>commodatum</span> <span class='ocrx_word' id='word_1_325' title='bbox 1423 3618 1566 3658; x_wconf 90' lang='lat' dir='ltr'>esse.</span> <span class='ocrx_word' id='word_1_326' title='bbox 1622 3599 1901 3678; x_wconf 88' lang='lat' dir='ltr'>deinceps</span> <span class='ocrx_word' id='word_1_327' title='bbox 1937 3599 2083 3679; x_wconf 90' lang='lat' dir='ltr'>quid</span> <span class='ocrx_word' id='word_1_328' title='bbox 2119 3619 2189 3659; x_wconf 92' lang='lat' dir='ltr'>eo</span> <span class='ocrx_word' id='word_1_329' title='bbox 2216 3599 2440 3659; x_wconf 85' lang='lat' dir='ltr'>factum</span> <span class='ocrx_word' id='word_1_330' title='bbox 2475 3602 2552 3658; x_wconf 92' lang='lat' dir='ltr'>sit</span> <span class='ocrx_word' id='word_1_331' title='bbox 2584 3602 2863 3660; x_wconf 82' lang='lat' dir='ltr'>nescitur.</span> 
     </span>
     <span class='ocr_line' id='line_1_38' title="bbox 687 3684 2864 3764; baseline 0.001 -21"><span class='ocrx_word' id='word_1_332' title='bbox 687 3684 796 3744; x_wconf 92' lang='lat' dir='ltr'>sed</span> <span class='ocrx_word' id='word_1_333' title='bbox 840 3703 1061 3757; x_wconf 77' lang='lat' dir='ltr'>omneS,</span> <span class='ocrx_word' id='word_1_334' title='bbox 1108 3691 1398 3764; x_wconf 91' lang='lat' dir='ltr'>quotquot</span> <span class='ocrx_word' id='word_1_335' title='bbox 1440 3684 1635 3744; x_wconf 90' lang='lat' dir='ltr'>adhuc</span> <span class='ocrx_word' id='word_1_336' title='bbox 1669 3692 1892 3759; x_wconf 85' lang='lat' dir='ltr'>extant,</span> <span class='ocrx_word' id='word_1_337' title='bbox 1935 3684 2119 3744; x_wconf 90' lang='lat' dir='ltr'>libros</span> <span class='ocrx_word' id='word_1_338' title='bbox 2160 3706 2340 3744; x_wconf 89' lang='lat' dir='ltr'>manu</span> <span class='ocrx_word' id='word_1_339' title='bbox 2374 3688 2618 3762; x_wconf 89' lang='lat' dir='ltr'>scriptos</span> <span class='ocrx_word' id='word_1_340' title='bbox 2655 3687 2864 3746; x_wconf 85' lang='lat' dir='ltr'>carmi-</span> 
     </span>
     <span class='ocr_line' id='line_1_39' title="bbox 686 3768 2866 3849; baseline 0 -22"><span class='ocrx_word' id='word_1_341' title='bbox 686 3790 835 3828; x_wconf 91' lang='lat' dir='ltr'>num</span> <span class='ocrx_word' id='word_1_342' title='bbox 871 3768 1346 3829; x_wconf 78' lang='lat' dir='ltr'>Catullianorum</span> <span class='ocrx_word' id='word_1_343' title='bbox 1378 3801 1461 3810; x_wconf 89' lang='lat'>—</span> <span class='ocrx_word' id='word_1_344' title='bbox 1500 3777 1638 3829; x_wconf 91' lang='lat' dir='ltr'>sunt</span> <span class='ocrx_word' id='word_1_345' title='bbox 1680 3777 1877 3829; x_wconf 85' lang='lat' dir='ltr'>autem</span> <span class='ocrx_word' id='word_1_346' title='bbox 1919 3770 2055 3847; x_wconf 89' lang='lat' dir='ltr'>plus</span> <span class='ocrx_word' id='word_1_347' title='bbox 2088 3773 2467 3849; x_wconf 86' lang='lat' dir='ltr'>septuaginta</span> <span class='ocrx_word' id='word_1_348' title='bbox 2500 3788 2744 3829; x_wconf 91' lang='lat' dir='ltr'>numero</span> <span class='ocrx_word' id='word_1_349' title='bbox 2775 3800 2866 3810; x_wconf 92' lang='lat'>—</span> 
     </span>
     <span class='ocr_line' id='line_1_40' title="bbox 684 3854 2865 3933; baseline 0 -20"><span class='ocrx_word' id='word_1_350' title='bbox 684 3874 764 3913; x_wconf 90' lang='lat' dir='ltr'>ex</span> <span class='ocrx_word' id='word_1_351' title='bbox 802 3875 922 3913; x_wconf 93' lang='lat' dir='ltr'>uno</span> <span class='ocrx_word' id='word_1_352' title='bbox 959 3854 1072 3913; x_wconf 93' lang='lat' dir='ltr'>hoc</span> <span class='ocrx_word' id='word_1_353' title='bbox 1110 3855 1312 3913; x_wconf 91' lang='lat' dir='ltr'>codice</span> <span class='ocrx_word' id='word_1_354' title='bbox 1345 3875 1505 3914; x_wconf 89' lang='lat' dir='ltr'>nunc</span> <span class='ocrx_word' id='word_1_355' title='bbox 1541 3858 1757 3914; x_wconf 89' lang='lat' dir='ltr'>amisso</span> <span class='ocrx_word' id='word_1_356' title='bbox 1792 3856 2086 3915; x_wconf 88' lang='lat' dir='ltr'>derivatos</span> <span class='ocrx_word' id='word_1_357' title='bbox 2122 3875 2249 3915; x_wconf 91' lang='lat' dir='ltr'>esse</span> <span class='ocrx_word' id='word_1_358' title='bbox 2282 3863 2507 3915; x_wconf 90' lang='lat' dir='ltr'>certum</span> <span class='ocrx_word' id='word_1_359' title='bbox 2541 3862 2601 3913; x_wconf 91' lang='lat' dir='ltr'>et</span> <span class='ocrx_word' id='word_1_360' title='bbox 2631 3854 2865 3933; x_wconf 90' lang='lat' dir='ltr'>pridem</span> 
     </span>
     <span class='ocr_line' id='line_1_41' title="bbox 681 3941 2864 4019; baseline 0.001 -23"><span class='ocrx_word' id='word_1_361' title='bbox 681 3946 1060 4017; x_wconf 88' lang='lat' dir='ltr'>perspectum</span> <span class='ocrx_word' id='word_1_362' title='bbox 1104 3948 1207 4000; x_wconf 89' lang='lat' dir='ltr'>est.</span> <span class='ocrx_word' id='word_1_363' title='bbox 1285 3942 1506 4019; x_wconf 89' lang='lat' dir='ltr'>quippe</span> <span class='ocrx_word' id='word_1_364' title='bbox 1546 3943 1633 3998; x_wconf 83' lang='lat' dir='ltr'>ita</span> <span class='ocrx_word' id='word_1_365' title='bbox 1680 3960 1882 4000; x_wconf 88' lang='lat' dir='ltr'>omnes</span> <span class='ocrx_word' id='word_1_366' title='bbox 1925 3944 1991 3998; x_wconf 92' lang='lat' dir='ltr'>in</span> <span class='ocrx_word' id='word_1_367' title='bbox 2032 3944 2376 4001; x_wconf 88' lang='lat' dir='ltr'>universum</span> <span class='ocrx_word' id='word_1_368' title='bbox 2419 3941 2576 4000; x_wconf 86' lang='lat' dir='ltr'>inter</span> <span class='ocrx_word' id='word_1_369' title='bbox 2615 3959 2681 4000; x_wconf 88' lang='lat' dir='ltr'>se</span> <span class='ocrx_word' id='word_1_370' title='bbox 2726 3960 2864 3999; x_wconf 88' lang='lat' dir='ltr'>con·</span> 
     </span>
     <span class='ocr_line' id='line_1_42' title="bbox 685 4025 2867 4104; baseline 0.001 -23"><span class='ocrx_word' id='word_1_371' title='bbox 685 4025 953 4083; x_wconf 90' lang='lat' dir='ltr'>sentiunt</span> <span class='ocrx_word' id='word_1_372' title='bbox 985 4031 1054 4083; x_wconf 92' lang='lat' dir='ltr'>ut</span> <span class='ocrx_word' id='word_1_373' title='bbox 1087 4045 1209 4083; x_wconf 91' lang='lat' dir='ltr'>non</span> <span class='ocrx_word' id='word_1_374' title='bbox 1241 4028 1470 4103; x_wconf 90' lang='lat' dir='ltr'>possint</span> <span class='ocrx_word' id='word_1_375' title='bbox 1502 4046 1625 4084; x_wconf 89' lang='lat' dir='ltr'>non</span> <span class='ocrx_word' id='word_1_376' title='bbox 1658 4045 2028 4085; x_wconf 88' lang='lat' dir='ltr'>communem</span> <span class='ocrx_word' id='word_1_377' title='bbox 2063 4028 2349 4102; x_wconf 90' lang='lat' dir='ltr'>originem</span> <span class='ocrx_word' id='word_1_378' title='bbox 2384 4025 2617 4086; x_wconf 89' lang='lat' dir='ltr'>habere.</span> <span class='ocrx_word' id='word_1_379' title='bbox 2685 4032 2867 4104; x_wconf 86' lang='lat' dir='ltr'>atque</span> 
     </span>
     <span class='ocr_line' id='line_1_43' title="bbox 687 4108 2866 4189; baseline 0.001 -22"><span class='ocrx_word' id='word_1_380' title='bbox 687 4108 1267 4184; x_wconf 85' lang='lat' dir='ltr'>Sangermanensem</span> <span class='ocrx_word' id='word_1_381' title='bbox 1303 4110 1543 4189; x_wconf 92' lang='lat' dir='ltr'>quidem</span> <span class='ocrx_word' id='word_1_382' title='bbox 1578 4129 1656 4169; x_wconf 93' lang='lat' dir='ltr'>ex</span> <span class='ocrx_word' id='word_1_383' title='bbox 1689 4112 1817 4189; x_wconf 93' lang='lat' dir='ltr'>ipso</span> <span class='ocrx_word' id='word_1_384' title='bbox 1850 4112 1910 4171; x_wconf 93' lang='lat' dir='ltr'>V</span> <span class='ocrx_word' id='word_1_385' title='bbox 1944 4110 2300 4188; x_wconf 89' lang='lat' dir='ltr'>descriptum</span> <span class='ocrx_word' id='word_1_386' title='bbox 2334 4129 2460 4169; x_wconf 88' lang='lat' dir='ltr'>esse</span> <span class='ocrx_word' id='word_1_387' title='bbox 2494 4112 2614 4169; x_wconf 89' lang='lat' dir='ltr'>iam</span> <span class='ocrx_word' id='word_1_388' title='bbox 2648 4130 2866 4170; x_wconf 89' lang='lat' dir='ltr'>memo·</span> 
     </span>
     <span class='ocr_line' id='line_1_44' title="bbox 686 4190 2868 4275; baseline 0.002 -25"><span class='ocrx_word' id='word_1_389' title='bbox 686 4196 969 4253; x_wconf 87' lang='lat' dir='ltr'>ravimus.</span> <span class='ocrx_word' id='word_1_390' title='bbox 1039 4194 1198 4254; x_wconf 91' lang='lat' dir='ltr'>hunc</span> <span class='ocrx_word' id='word_1_391' title='bbox 1243 4195 1505 4254; x_wconf 91' lang='lat' dir='ltr'>codicem</span> <span class='ocrx_word' id='word_1_392' title='bbox 1550 4190 1677 4268; x_wconf 84' lang='lat' dir='ltr'>(G),</span> <span class='ocrx_word' id='word_1_393' title='bbox 1723 4199 1827 4275; x_wconf 91' lang='lat' dir='ltr'>qui</span> <span class='ocrx_word' id='word_1_394' title='bbox 1867 4216 2026 4254; x_wconf 88' lang='lat' dir='ltr'>nunc</span> <span class='ocrx_word' id='word_1_395' title='bbox 2068 4198 2132 4254; x_wconf 89' lang='lat' dir='ltr'>in</span> <span class='ocrx_word' id='word_1_396' title='bbox 2172 4195 2530 4255; x_wconf 87' lang='lat' dir='ltr'>bibliotheca</span> <span class='ocrx_word' id='word_1_397' title='bbox 2574 4194 2868 4254; x_wconf 88' lang='lat' dir='ltr'>nationali</span> 
     </span>
     <span class='ocr_line' id='line_1_45' title="bbox 684 4278 2867 4361; baseline 0.003 -25"><span class='ocrx_word' id='word_1_398' title='bbox 684 4278 980 4353; x_wconf 88' lang='lat' dir='ltr'>Parisina,</span> <span class='ocrx_word' id='word_1_399' title='bbox 1027 4279 1132 4338; x_wconf 90' lang='lat' dir='ltr'>ubi</span> <span class='ocrx_word' id='word_1_400' title='bbox 1166 4288 1254 4339; x_wconf 89' lang='lat' dir='ltr'>est</span> <span class='ocrx_word' id='word_1_401' title='bbox 1285 4279 1481 4338; x_wconf 88' lang='lat' dir='ltr'>Latin.</span> <span class='ocrx_word' id='word_1_402' title='bbox 1519 4301 1575 4338; x_wconf 91' lang='lat' dir='ltr'>n.</span> <span class='ocrx_word' id='word_1_403' title='bbox 1619 4282 1844 4354; x_wconf 82' lang='lat'>14137,</span> <span class='ocrx_word' id='word_1_404' title='bbox 1880 4279 2240 4354; x_wconf 87' lang='lat' dir='ltr'>adservatur,</span> <span class='ocrx_word' id='word_1_405' title='bbox 2286 4287 2420 4361; x_wconf 91' lang='lat' dir='ltr'>post</span> <span class='ocrx_word' id='word_1_406' title='bbox 2456 4280 2507 4338; x_wconf 93' lang='grc' dir='ltr'>Ι.</span> <span class='ocrx_word' id='word_1_407' title='bbox 2545 4280 2867 4358; x_wconf 86' lang='lat' dir='ltr'>Silligium,</span> 
     </span>
    </p>
   </div>
  </div>
 </body>
</html>
