3225 5171
1183 467 1637 510 PROLEGOMENA
2356 467 2503 509 LXIX

320 587 785 669 promovebant,
812 590 900 646 ita
935 605 1034 646 eos
1069 605 1145 646 cx
1189 585 1534 667 aequalibus
1567 589 1756 664 poetis
1789 586 2205 665 inpugnabant
2237 585 2502 646 diffama-

322 676 587 753 bantque
623 676 726 752 qui
772 673 988 731 veteris
1031 674 1173 730 artis
1217 680 1454 730 tenaces
1489 671 1644 730 nihil
1686 690 1749 730 se
1790 673 1959 730 novis
2001 671 2236 750 placitis
2276 673 2500 731 moveri

321 765 680 839 paterentur.
751 765 906 816 certe
949 760 1054 835 qui
1101 777 1138 814 a
1183 756 1419 817 Catullo
1461 764 1529 815 ut
1569 758 1954 833 pessimorum
1995 759 2322 815 carminum
2365 778 2499 816 con-

325 845 544 904 ditores
570 841 901 902 inridentur
920 840 1180 913 Caesius,
1200 840 1499 921 Aquinus,
1529 841 1823 914 SuffenuS‚
1844 841 2140 914 Volusius,
2171 845 2243 914 ei,
2271 842 2411 900 licet
2435 861 2500 901 re

324 948 469 989 vera
494 932 676 986 iratas
704 927 1021 986 habuerint
1036 927 1256 1000 Musas,
1276 925 1434 1006 quod
1461 925 1535 984 de
1554 927 1797 1005 Aquino
1826 927 2034 985 saltem
2061 925 2500 986 concedendum

325 1021 430 1087 est,
467 1013 544 1073 de
570 1033 686 1092 quo
723 1015 901 1071 etiam
930 1011 1232 1072 Ciceronis
1266 1011 1552 1070 iudicium
1578 1020 1742 1070 extat
1769 1009 2092 1070 Catulliani
2118 1011 2501 1083 simillimum,

323 1107 526 1158 tamen
561 1096 808 1156 dubium
842 1115 967 1155 esse
1003 1100 1210 1175 nequit
1244 1100 1390 1175 quin
1434 1115 1504 1154 ea
1547 1099 1916 1174 potissimum
1960 1096 2033 1156 de
2076 1117 2256 1157 causa
2298 1096 2498 1156 odium

325 1191 536 1262 poetae
553 1183 914 1241 Veronensis
933 1184 1336 1261 sociorumque
1361 1180 1475 1240 sibi
1503 1185 1920 1254 contraxerint,
1948 1182 2107 1261 quod
2125 1184 2285 1240 viam
2311 1182 2386 1241 ab
2406 1181 2501 1240 his

324 1271 537 1327 initam
564 1269 730 1346 sequi
763 1265 1008 1326 nollent.
1077 1285 1224 1345 quos
1259 1267 1658 1346 antiquiorum
1690 1270 1946 1343 vestigia
1978 1270 2259 1345 pressisse
2294 1268 2497 1326 merito

324 1356 446 1412 iam
472 1352 615 1411 inde
641 1351 887 1429 colligas
905 1350 1063 1430 quod
1091 1351 1353 1410 eiusdem
1381 1353 1616 1427 generis
1644 1358 1854 1428 poetae
1872 1351 2113 1432 quidam
2141 1351 2386 1411 ‘saecli
2411 1353 2500 1410 in·

327 1436 658 1498 commoda’
696 1444 985 1496 vocantur
1015 1440 1082 1494 in
1118 1456 1165 1495 c.
1192 1437 1347 1495 XIV
1374 1436 1473 1509 23,
1508 1439 1547 1495 i.
1576 1454 1627 1495 e.
1657 1436 1921 1495 homines
1947 1439 2050 1516 qui
2085 1435 2163 1495 ad
2196 1439 2503 1513 ingenium

326 1522 547 1582 saeculi
591 1520 1031 1581 accommodare
1082 1539 1145 1580 se
1195 1523 1481 1580 nesciunt.
1552 1519 1657 1580 sed
1709 1523 1956 1580 certiora
2006 1524 2183 1581 etiam
2237 1524 2363 1580 eius
2413 1523 2501 1583 rei

324 1615 560 1686 praesto
614 1615 753 1665 sunt
801 1605 1041 1665 indicia.
1111 1616 1170 1665 et
1219 1606 1525 1685 Aquinum
1576 1605 1828 1685 quidem,
1882 1609 1978 1666 cui
2028 1627 2162 1666 cum
2215 1606 2501 1666 Cicerone

326 1695 649 1751 amicitiam
682 1690 866 1750 fuisse
910 1695 1142 1764 scimus,
1189 1693 1253 1750 in
1297 1689 1681 1769 exprimenda
1723 1700 1921 1751 vetere
1963 1710 2239 1750 versuum
2280 1692 2499 1750 facien-

326 1778 535 1837 dorum
577 1784 704 1837 arte
746 1775 1119 1856 adquievisse
1161 1794 1267 1853 per
1309 1794 1373 1834 se
1413 1775 1798 1852 intellegitur.
1878 1775 2184 1836 Suffenum
2230 1775 2498 1837 Catullus

327 1883 376 1922 c.
403 1863 599 1920 XXII
628 1862 707 1918 14
732 1864 798 1919 in
822 1865 1107 1939 poematis
1141 1856 1397 1920 infaceto
1435 1880 1560 1920 esse
1594 1860 2001 1920 infacetiorcm
2024 1880 2161 1920 rure
2186 1864 2287 1934 ait,
2324 1882 2501 1941 quam

328 1946 568 2026 quidem
593 1946 1105 2024 reprehensionem
1132 1966 1252 2004 non
1286 1945 1363 2004 ad
1389 1948 1800 2004 tractationem
1825 1964 2037 2018 rerum,
2074 1944 2179 2005 sed
2205 1945 2282 2004 ad
2309 1947 2500 2006 elocu-

325 2035 507 2090 tionis
541 2050 726 2108 genus
762 2040 821 2091 et
853 2050 1124 2090 numeros
1158 2034 1453 2109 pertinere
1485 2029 1664 2089 facile
1699 2030 1813 2088 sibi
1846 2029 2226 2108 persuadebit
2250 2034 2353 2109 qui
2381 2030 2499 2090 loci

326 2116 596 2175 Tulliani
623 2137 801 2195 supra
828 2137 865 2175 a
890 2116 1061 2175 nobis
1089 2118 1253 2173 citati
1290 2117 1636 2187 meminerit,
1674 2133 1790 2192 quo
1807 2122 2018 2193 poetae
2043 2118 2187 2174 novi
2214 2134 2242 2173 s
2269 2116 2499 2175 litterae

325 2202 524 2275 finalis
576 2221 880 2281 apocopen
931 2200 1136 2276 fugere
1189 2199 1467 2258 dicuntur
1516 2207 1583 2256 ut
1644 2200 2147 2274 subrusticam3
2213 2203 2308 2259 cui
2366 2200 2497 2260 loco

325 2287 487 2346 haud
519 2289 719 2365 inepte
754 2286 1003 2344 alterum
1039 2284 1418 2360 adiungimus
1453 2284 1747 2342 Prisciani
1792 2303 1867 2343 ex
1908 2283 2059 2344 libro
2095 2285 2144 2357 I,
2180 2305 2236 2364 p.
2276 2286 2354 2343 27
2390 2285 2494 2360 H„

324 2375 429 2451 qui
482 2372 795 2449 postquam
848 2390 980 2428 cum
1033 2369 1155 2427 alia
1205 2375 1439 2428 vetusta
1489 2380 1614 2428 tum
1666 2369 2026 2429 Lucretiana
2077 2370 2181 2428 illa
2235 2373 2387 2443 fretu
2437 2378 2499 2430 et

320 2457 636 2514 Acherunte
679 2453 894 2528 attulit,
940 2454 1121 2533 ‘quae
1164 2461 1362 2512 tamen
1373 2454 1405 2527 ’,
1452 2456 1663 2534 inquit,
1710 2454 1774 2513 ‘a
1816 2455 2144 2514 iunioribus
2186 2455 2499 2534 repudiata

323 2548 483 2615 sunt,
520 2542 690 2621 quasi
724 2542 993 2599 rustico
1038 2558 1198 2599 more
1235 2538 1434 2599 dicta’.
1504 2548 1683 2621 atque
1718 2548 2096 2620 opponuntur
2126 2543 2192 2601 in
2224 2543 2337 2602 isto
2375 2562 2498 2602 car-

324 2629 486 2687 mine
520 2625 665 2685 mali
699 2645 903 2684 versus
937 2626 1191 2685 hominis
1234 2625 1556 2684 urbanitati
1600 2629 1727 2685 eius
1761 2646 2105 2706 morumque
2149 2627 2495 2703 elegantiae.

324 2711 477 2772 conf.
516 2713 694 2771 etiam
727 2711 943 2770 Horat.
973 2712 1140 2789 epist.
1175 2712 1243 2769 H
1272 2715 1303 2767 1
1340 2712 1478 2769 160.
1533 2710 1739 2771 eadem
1774 2712 1913 2784 fere,
1952 2730 2104 2791 quae
2137 2715 2201 2770 in
2236 2712 2496 2786 Suffenn,

326 2795 596 2856 Catullus
621 2795 1108 2876 reprehendenda
1132 2796 1248 2855 sibi
1275 2814 1400 2855 esse
1425 2798 1660 2874 putavit
1682 2798 1747 2854 in
1764 2796 2027 2869 Volusio,
2059 2799 2225 2856 cuius
2251 2798 2497 2857 annales

324 2881 516 2960 ‘pleni
567 2884 718 2940 ruris
771 2888 831 2940 et
880 2880 1296 2940 inficetiarum’
1350 2880 1629 2939 dicuntur
1679 2882 1743 2938 in
1797 2901 1844 2939 c.
1887 2880 2171 2941 XXXVI
2219 2884 2315 2940 19.
2386 2902 2496 2942 nec

324 2966 581 3025 dubitari
626 2974 818 3043 potest
850 2968 997 3045 quin
1040 2966 1136 3025 hic
1178 2964 1434 3045 quidem,
1478 2986 1610 3024 cum
1654 2984 1749 3024 res
1791 2967 2092 3025 Romanas
2134 2966 2328 3045 amplo
2373 2988 2497 3026 car-

320 3053 482 3111 mine
533 3052 698 3127 epico
749 3056 1051 3122 tractaret,
1102 3050 1288 3109 Ennii
1340 3049 1676 3127 exemplum
1735 3052 1800 3108 in
1860 3053 2064 3128 primis
2116 3060 2348 3111 secutus
2399 3056 2492 3112 sit.

321 3137 491 3195 cuius
534 3154 682 3212 opus
724 3154 855 3193 cum
899 3137 963 3193 in
1005 3135 1364 3193 carminibus
1405 3134 1582 3194 XCV
1626 3144 1687 3194 et
1725 3135 1939 3196 XOV⁸
1971 3156 2179 3214 parve,
2235 3136 2339 3197 sed
2389 3136 2494 3196 diu

323 3220 625 3280 elaborato
660 3219 889 3279 Cinnae
924 3219 1144 3298 epyllio
1181 3223 1536 3279 contrarium
1569 3228 1840 3298 ponatur,
1875 3220 2015 3281 inde
2050 3242 2284 3301 quoque
2318 3223 2497 3302 quale

321 3306 504 3366 fuerit
544 3305 906 3383 perspicitur,
954 3311 1207 3383 suntque
1243 3304 1358 3364 duo
1402 3307 1515 3364 ista
1560 3307 2004 3382 epigrammata,
2047 3326 2199 3386 quae
2233 3328 2493 3387 quonam

323 3399 585 3469 tempore
620 3391 838 3466 scripta
872 3396 1067 3448 essent
1103 3398 1161 3446 et
1195 3410 1372 3467 quam
1405 3392 1560 3449 inter
1594 3409 1659 3450 se
1691 3393 1980 3450 rationem
2004 3392 2290 3452 haberent
2316 3413 2494 3471 supra

326 3475 877 3545 demonstravimus,
931 3482 1309 3532 monumenta
1359 3477 1695 3535 certaminis
1747 3479 1903 3535 inter
1942 3496 2128 3536 novos
2178 3485 2382 3554 poetas
2434 3486 2494 3537 et

322 3569 588 3622 veterum
638 3562 961 3619 imitatores
1004 3565 1212 3617 notatu
1255 3559 1617 3635 dignissima.
1686 3562 1901 3619 mirum
1944 3569 2032 3622 est
2075 3569 2272 3621 autem
2314 3583 2492 3641 quam

323 3644 591 3705 ac‘curate
620 3644 887 3705 Catullus
921 3646 987 3702 in
1024 3644 1403 3703 aestimandis
1433 3644 1662 3704 duobus
1688 3645 1809 3704 illis
1833 3648 2038 3723 poetiS,
2075 3647 2262 3706 amico
2290 3646 2493 3722 altere,

323 3730 504 3790 altero
540 3729 896 3802 adversar-ic,
944 3730 1247 3787 notissima
1280 3729 1571 3808 quaedam
1607 3729 1955 3789 Callimachi
1998 3728 2223 3789 iudicia
2258 3750 2492 3810 expres-

325 3817 478 3875 serit.
549 3835 686 3874 nam
740 3835 873 3874 cum
924 3833 1109 3891 parva
1154 3813 1385 3874 Cinnae
1434 3822 1812 3874 monumenta
1855 3814 1969 3873 sibi
2021 3814 2184 3874 cordi
2236 3833 2379 3888 esse,
2432 3826 2494 3876 at

320 3900 602 3980 populum
636 3900 858 3959 tumido
892 3899 1249 3959 Antimacho
1293 3898 1552 3975 gaudere
1593 3899 1773 3973 iubet,
1819 3900 1950 3978 quis
1994 3918 2130 3959 eum
2170 3921 2294 3960 non
2326 3902 2494 3962 videt

321 3994 622 4063 tamquam
666 3987 998 4044 Romanum
1043 3984 1468 4044 Callimachum
1512 3984 1620 4043 illa
1660 3976 1727 4043 τὸ
1780 3980 1925 4063 μέγα
1975 3979 2197 4064 βιβλιον
2242 3978 2365 4046 ἴσον
2408 3989 2493 4061 τῷ

320 4065 555 4172 μεγάλῳ
598 4070 760 4143 κακῷ
803 4078 863 4130 et
905 4064 1172 4146 σικχαίνω
1213 4088 1411 4127 παντα
1452 4061 1528 4127 τοὶ
1586 4063 1836 4145 δημόσια
1879 4076 1939 4129 et
1979 4065 2151 4147 Λύδη
2196 4063 2294 4130 καὶ
2337 4068 2490 4150 παχὺ

322 4149 564 4233 γράμμα
592 4147 686 4213 καὶ
716 4148 783 4214 οὗ
809 4149 984 4230 τυρόν
1009 4157 1075 4213 in
1098 4173 1224 4216 rem
1249 4175 1415 4215 suam
1442 4154 1821 4215 convertere?
1856 4164 1915 4215 et
1939 4156 2235 4217 intellexit
2258 4158 2489 4236 pridem

321 4239 647 4301 Merkelius
699 4239 776 4298 ad
826 4241 966 4300 Ibin
1015 4259 1073 4318 p.
1128 4241 1276 4315 366,
1340 4242 1450 4300 etsi
1500 4259 1645 4300 vera
1694 4240 1856 4301 falsis
1907 4243 2156 4303 miscuit.
2235 4250 2490 4303 ceterum
