3225 5171
717 428 834 471 CXX
1474 425 1831 470 ADNOTATIO
1875 425 2118 469 CRITIOA

713 546 1008 607 videntur.
1094 545 1278 604 multo
1321 553 1517 606 autem
1566 548 1763 606 minus
1816 549 1993 606 etiam
2036 545 2287 607 Avantii
2328 546 2480 605 illud
2525 567 2653 606 erae
2698 550 2891 607 citatis⁴

719 631 995 710 adprob0,
1031 629 1191 710 quod
1222 650 1343 690 non
1377 631 1557 691 nullis
1590 631 1887 710 placuisse
1918 633 2111 693 miror.
2182 634 2233 689 io
2271 634 2453 691 citatis
2486 631 2881 693 Baehrensius

716 715 962 776 fortasse
994 722 1166 776 recte.
1240 718 1520 775 crocitatis
1555 715 1629 776 G.
1702 719 1981 777 erocitatz‘s
2017 714 2088 775 O.
2124 748 2212 757 —
2246 717 2328 775 34
2364 727 2624 776 secuntur
2652 716 2723 777 Ο.
2797 739 2881 776 se-

718 811 961 875 quuntur
983 801 1296 880 Hauptius.
1324 833 1409 843 —
1443 801 1523 859 56
1561 803 1811 876 deriyere
1841 801 2249 881 Baehrensius.
2320 803 2558 876 diriqere
2591 803 2666 875 V,
2703 810 2763 862 et
2797 805 2886 862 sic

715 886 1031 964 Hauptius.
1060 916 1143 926 —
1174 887 1249 945 61
1290 908 1328 944 a
1355 884 1699 945 Schwabius
1735 886 1970 964 aliique.
2032 887 2107 943 ha
2141 884 2213 946 Ο.
2276 888 2349 945 ab
2377 886 2450 959 G,
2481 896 2540 947 et
2567 890 2651 945 ita
2676 888 2882 965 Haup-

716 973 849 1031 tius.
888 1003 970 1013 ——·
1007 972 1086 1028 62
1124 972 1343 1027 obierim
1377 969 1619 1029 Statius.
1681 972 1908 1029 abierim
1941 971 2014 1030 V.
2066 972 2345 1030 habuerim
2380 971 2662 1048 Scaliger,
2706 992 2882 1051 quem

717 1075 851 1115 cum
883 1054 1269 1114 Lachmanno
1303 1055 1605 1133 Hauptius
1649 1062 1880 1114 secutus
1925 1063 2030 1127 est,
2066 1055 2237 1115 male.
2325 1077 2464 1116 nam
2498 1057 2770 1116 habuisse
2819 1077 2887 1117 se

719 1143 919 1199 omnia
944 1159 1163 1218 genera
1189 1139 1413 1216 figurae
1437 1139 1598 1198 Attis
1627 1139 1823 1200 dicere
1849 1140 2012 1200 nullo
2041 1141 2214 1200 modo
2242 1149 2447 1220 potest,
2478 1145 2603 1201 sive
2629 1143 2886 1220 priorem

714 1227 879 1285 vitae
904 1224 1306 1285 condicionem
1335 1228 1462 1284 sive
1487 1233 1857 1303 praesentem
1882 1227 2132 1304 respicit.
2167 1258 2255 1267 —
2290 1228 2369 1286 63
2406 1226 2482 1285 ab
2512 1226 2767 1304 Hauptii
2792 1247 2884 1286 ra·

717 1312 880 1370 tione
905 1309 1365 1389 interpungendi
1391 1313 1476 1367 ita
1500 1313 1715 1370 recessi
1733 1317 1798 1369 ut
1823 1329 2016 1389 neque
2032 1319 2165 1389 post
2180 1330 2384 1371 vocem
2405 1332 2553 1387 puer
2578 1314 2884 1371 terminari

719 1398 1044 1455 orationem
1073 1396 1324 1454 sinerem
1353 1401 1412 1453 et
1448 1414 1674 1455 comma
1707 1397 1861 1454 inter
1895 1398 2087 1457 mulier
2121 1403 2181 1455 et
2212 1396 2462 1455 alterum
2497 1416 2591 1471 eqo
2626 1400 2884 1473 positum

716 1480 1000 1540 tollerem.
1056 1499 1152 1553 eqo
1177 1482 1371 1538 mulier
1386 1498 1513 1539 esse
1530 1472 1692 1557 ἐγὼἠ
1721 1474 1857 1557 γυνή
1881 1488 2038 1540 recte
2057 1480 2211 1540 dixit
2227 1481 2715 1541 Wilamowitzius
2733 1482 2886 1540 Her-

718 1584 851 1624 mae
874 1564 1033 1623 XIV
1054 1565 1171 1623 198
1191 1585 1250 1623 ιι.
1270 1596 1354 1605 --
1377 1565 1457 1622 ’74
1484 1568 1697 1623 sonitus
1725 1568 1865 1622 citus
1899 1567 2031 1623 abiit
2059 1568 2266 1645 scripsi
2292 1568 2505 1644 partim
2529 1566 2885 1638 Bentleium,

721 1653 817 1709 cui
846 1653 986 1707 citus
1012 1649 1272 1721 debetur,
1299 1651 1511 1727 partim
1536 1657 1797 1709 veterem
1821 1657 2203 1713 correctorem
2230 1658 2479 1723 secutus,
2516 1654 2888 1730 praeivitque

720 1736 784 1794 in
820 1734 949 1793 loco
978 1736 1063 1792 sic
1090 1734 1495 1796 constituendo
1522 1735 1783 1794 Ellisius.
1845 1734 1997 1794 conf.
2024 1756 2079 1793 v.
2110 1737 2209 1793 42.
2272 1739 2484 1795 sonitus
2511 1738 2649 1797 adiit
2673 1755 2888 1794 manco

720 1839 896 1884 versu
928 1820 1001 1879 V.
1081 1822 1292 1877 sonitus
1327 1821 1459 1877 abiit
1496 1823 1639 1877 celer
1672 1820 1972 1897 Hauptius
2009 1840 2141 1879 cum
2173 1821 2578 1892 LachmannO,
2617 1823 2718 1899 qui
2752 1841 2889 1879 cum

717 1925 776 1964 v.
817 1906 896 1962 14
932 1911 1190 1963 extremo
1224 1923 1429 1963 vocem
1467 1907 1631 1963 celeri
1661 1908 1727 1963 in
1756 1904 2056 1965 codicibus
2092 1905 2333 1967 exulare
2360 1905 2606 1978 videret,
2643 1924 2774 1964 eam
2810 1904 2890 1965 ad

717 1988 1102 2051 reficiendum
1134 1988 1293 2049 hunc
1325 2008 1561 2048 versum
1595 1989 1879 2048 adhibuit.
1960 1990 2064 2050 sed
2098 1990 2457 2053 adiectivum
2492 1989 2643 2051 illud
2677 2009 2714 2048 a
2747 2011 2802 2048 v.
2849 1993 2884 2047 1

718 2075 1025 2134 aberrasse
1075 2078 1201 2134 veri
1250 2073 1433 2133 multo
1478 2075 1722 2133 similior
1764 2076 2018 2152 suspicio
2063 2083 2151 2135 est
2183 2075 2548 2136 Baehrensii.
2627 2074 2889 2134 Bentleii

720 2159 1145 2237 complemento
1180 2158 1407 2218 nullum
1443 2167 1599 2218 certe
1634 2159 2012 2238 probabilius.
2054 2191 2140 2201 —
2186 2160 2263 2223 75
2301 2164 2459 2218 auris
2504 2158 2890 2235 (coniunctim

720 2246 1000 2322 scriptum
1026 2264 1159 2302 cum
1183 2242 1642 2323 praepositione)
1670 2242 1741 2304 Ο.
1795 2265 1963 2305 aures
1977 2244 2191 2324 reliqui
2208 2245 2363 2317 libri,
2392 2253 2450 2305 et
2468 2248 2553 2305 ita
2569 2245 2889 2322 Hauptius.

847 2328 1058 2388 LXIV
1094 2329 1172 2386 16
1208 2331 1332 2399 illa,
1368 2332 1526 2386 nulla
1559 2332 1677 2388 alia
1712 2332 1935 2408 scripsi.
2004 2332 2107 2388 illa
2139 2333 2258 2392 alia
2292 2327 2363 2389 Ο.
2432 2332 2535 2387 illa
2570 2340 2735 2403 atque
2770 2332 2891 2388 alia

722 2411 782 2473 G·
826 2433 957 2473 cum
999 2412 1244 2491 reliquis
1285 2413 1599 2493 plerisque,
1645 2413 1803 2493 quod
1844 2435 1951 2493 pro
1987 2414 2213 2475 infelici
2247 2421 2462 2475 conatu
2497 2413 2890 2475 subveniendi

720 2506 906 2558 metro
950 2496 1287 2557 habendum
1330 2506 1434 2559 est.
1513 2502 1671 2556 nulla
1713 2507 1847 2578 post
1888 2503 1990 2561 illa
2033 2519 2211 2578 quam
2253 2499 2429 2559 facile
2471 2497 2744 2559 excidere
2787 2519 2889 2577 po-

719 2587 901 2643 tuerit
943 2592 1204 2663 apertum
1251 2591 1353 2646 est.
1432 2592 1690 2644 ceterum
1736 2584 1853 2644 tale
1888 2583 2354 2652 additamentum
2398 2584 2572 2663 quale
2608 2592 2694 2644 est
2728 2588 2890 2643 nulla

721 2673 841 2728 alia
875 2687 1377 2747 supervacaneum
1404 2687 1530 2729 esse
1565 2677 1625 2728 et
1656 2669 2006 2746 languidum
2031 2691 2152 2734 non
2186 2670 2476 2733 iudicabit
2509 2672 2625 2729 nisi
2659 2670 2890 2748 mytho·

719 2753 918 2831 logiae
943 2758 1203 2830 ignarus·
1255 2757 1378 2825 illa,
1415 2756 1578 2829 siqua
1612 2758 1728 2812 alia
1747 2755 2047 2836 Hauptius
2075 2776 2108 2816 e
2134 2759 2473 2816 coniectura
2497 2754 2889 2818 Lachmanni.

721 2871 806 2881 -
846 2840 964 2897 23⁸
1009 2838 1268 2900 dubitari
1312 2860 1433 2899 non
1477 2847 1669 2918 potest
1710 2841 1856 2920 quin
1898 2841 1961 2898 in
2005 2843 2221 2904 amissa
2263 2841 2437 2900 huius
2472 2859 2676 2902 versus
2720 2847 2889 2918 parte

723 2923 965 3004 aliquod
1008 2922 1367 2984 adjectivum
1409 2928 1668 3003 positum
1711 2924 1891 2984 fuerit
1934 2924 2092 3005 quod
2143 2925 2221 2988 ad
2269 2936 2511 3008 matrum
2550 2926 2888 3003 pertineret,

722 3029 875 3089 quae
908 3028 1029 3067 vox
1063 3009 1322 3088 epitheto
1358 3009 1636 3070 destituta
1669 3011 1881 3069 mirum
1907 3020 2193 3090 quantum
2225 3010 2483 3087 languet.
2536 3012 2736 3088 itaque
2762 3010 2891 3072 veri.

723 3094 914 3153 simile
950 3102 1037 3153 est
1070 3094 1369 3156 Catullum
1403 3093 1637 3154 dedisse
1680 3099 1889 3153 salvete
1922 3099 2137 3167 iterum,
2174 3099 2401 3167 salvete,
2449 3096 2733 3158 bonarum.
2805 3101 2890 3152 at-

723 3197 837 3258 que
880 3180 1118 3237 tertium
1163 3183 1371 3237 salvete
1412 3178 1782 3239 intercidisse
1817 3182 2116 3259 Hauptius
2160 3182 2487 3259 suspicatus
2523 3186 2611 3239 est
2644 3176 2725 3253 (v.
2762 3181 2891 3237 eius

724 3282 920 3341 opusc.
958 3263 990 3320 I
1020 3264 1098 3320 32
1130 3270 1189 3321 et
1213 3264 1281 3322 H
1312 3263 1390 3321 76
1409 3283 1454 3323 s.
1492 3284 1626 3323 cum
1661 3264 2040 3328 adnotatione
2075 3262 2354 3341 editoris),
2393 3266 2657 3322 bonarum
2692 3272 2890 3323 autem

722 3354 858 3425 post
888 3346 1367 3426 Peerlkampium
1409 3368 1600 3427 nuper
1642 3350 1859 3410 Munro
1896 3369 2132 3430 quoque,
2168 3347 2317 3424 (crit.
2361 3350 2498 3421 144,
2545 3347 2695 3409 conf.
2739 3344 2889 3419 148)

723 3434 787 3490 in
823 3432 942 3490 fine
975 3451 1179 3491 versus
1214 3431 1551 3493 addendum
1588 3453 1716 3493 esse
1742 3437 2007 3494 coniecit.
2035 3466 2122 3486 -—-
2155 3436 2236 3498 28
2264 3437 2611 3510 pulcerrima
2642 3433 2890 3491 Ellisius

724 3512 1053 3594 (pulcerima
1095 3513 1193 3592 O).
1260 3520 1635 3593 palchen-ima
1675 3521 1876 3594 vulg0,
1929 3527 1990 3579 et
2030 3522 2115 3579 sic
2160 3520 2474 3598 Hauptius.
2512 3550 2596 3559 —
2633 3521 2709 3575 41
2751 3526 2892 3577 ante

721 3617 778 3661 v.
838 3604 915 3661 39
980 3603 1312 3676 conlocavi,
1381 3611 1694 3684 postquam
1761 3605 2069 3668 Ramlerus
2129 3612 2187 3664 et
2246 3604 2604 3666 Ritschelius
2665 3603 2890 3681 (opusc.

721 3687 825 3748 III
856 3685 1005 3765 600)
1040 3688 1292 3748 eundem
1325 3696 1462 3748 ante
1496 3709 1552 3747 v.
1582 3689 1665 3746 40
1699 3690 2069 3751 traiecerunt·
2122 3709 2268 3769 quos
2301 3708 2378 3749 ne
2413 3692 2576 3747 omni
2611 3706 2688 3747 ex
2721 3694 2891 3766 parte

723 3791 996 3853 sequerer
1039 3792 1108 3832 eo
1149 3773 1482 3853 prohibitus
1526 3794 1654 3833 sum
1699 3773 1854 3852 quod
1900 3773 1977 3833 ad
2021 3778 2344 3838 arationem
2389 3776 2582 3852 aptius
2618 3772 2693 3832 ab
2732 3771 2891 3831 obla·

716 3861 1038 3937 queatione
1064 3861 1372 3919 vinearum
1399 3878 1576 3938 quam
1609 3879 1649 3918 a
1682 3858 2055 3919 frondatione
2090 3859 2363 3920 arborum
2390 3859 2669 3917 transitur
2703 3874 2892 3934 eaque

723 3946 1140 4002 convenientia
1199 3943 1275 4002 ab
1335 3945 1480 4022 ipsis
1542 3943 1709 4008 libris
1775 3943 2170 4020 adgnoscitur.
2254 3943 2564 4017 vulgatum
2613 3961 2894 4001 versuum

721 4025 991 4086 ordinem
1035 4031 1291 4088 servavit
1334 4028 1651 4108 Hauptius,
1676 4060 1772 4102 ,-
1816 4030 1896 4087 57
1942 4031 2153 4090 harena
2189 4026 2241 4087 Ο
2288 4028 2523 4106 aliique.
2603 4047 2780 4084 arena
2817 4026 2891 4097 G,

724 4119 787 4171 et
806 4114 895 4169 ita
921 4112 1232 4190 Hauptius.
1270 4143 1357 4154 --
1384 4115 1460 4171 61
1501 4116 1632 4170 eheu
1649 4113 1961 4191 BergkiuS.
2013 4116 2147 4178 laeua
2170 4114 2243 4173 V.
2299 4115 2464 4172 euhoe
2497 4111 2681 4171 Italos
2708 4111 2892 4176 secuti

716 4194 1141 4260 Lachmannus
1175 4197 1609 4278 Hauptiusque,
1655 4199 1815 4278 quod
1847 4219 1968 4259 non
2001 4198 2176 4258 video
2212 4200 2316 4277 qui
2350 4198 2489 4258 huic
2523 4196 2654 4260 loco
2689 4205 2893 4275 aptum
