3225 5171
678 429 856 475 CXXII.
945 441 948 454 ¹
1449 428 1805 471 ADNOTATIO
1852 428 2096 471 GRITIOA

680 566 819 606 nem
853 548 1144 605 immerito
1182 546 1447 606 defendit
1475 546 1773 624 Sydovius
1807 569 1863 627 p.
1889 549 1988 606 49.
2016 579 2100 588 —-
2131 549 2251 605 178
2287 548 2675 605 Idomeneosne
2699 547 2857 607 Itali.

683 634 919 691 Idoneos
954 652 1022 688 ne
1049 629 1102 689 O
1133 632 1370 710 aliique.
1456 633 1707 689 Ydoneos
1741 653 1809 690 ne
1844 653 1978 691 sscr.
2006 633 2295 690 Idmoneos
2325 632 2397 692 G.
2467 633 2861 690 Idomenea-sne

678 717 1101 777 Lachmannus
1147 715 1225 775 ad
1257 716 1490 776 Lucret.
1526 738 1583 795 p.
1626 719 1763 791 192,
1809 737 1983 797 quem
2019 718 2319 796 Hauptius
2364 726 2595 777 secutus
2634 725 2740 777 est.
2773 750 2861 759 —

677 824 721 860 a
754 799 1140 878 (coniunctim
1185 803 1466 880 scriptum
1510 821 1644 860 cum
1687 821 1831 861 voce
1876 821 2028 881 quae
2072 798 2360 881 sequitur)
2393 801 2469 861 V.
2546 803 2619 860 ah.
2651 803 2865 881 Haup-

683 890 817 945 tius.
863 918 947 928 —-
995 888 1116 945 179
1153 887 1441 946 Italorum
1486 889 1825 947 coniectura
1869 889 2155 946 discedens
2201 907 2305 965 pro
2360 889 2679 945 discernens
2724 908 2857 946 cum

681 972 949 1050 Hauptio
982 972 1242 1049 ,probata
1283 973 1368 1030 ita
1411 971 1486 1030 ab
1523 974 1649 1031 eius
1695 971 1953 1032 editione
1995 974 2209 1032 recessi
2251 979 2319 1029 ut
2362 979 2422 1031 et
2463 975 2630 1048 ponti
2669 992 2743 1032 ex
2782 972 2854 1046 O,

678 1077 935 1136 quocum
969 1057 1322 1116 Dresdensis
1356 1055 1517 1130 facit,
1555 1077 1660 1135 pro
1695 1057 2055 1137 reliquorum
2091 1057 2360 1116 codicum
2394 1060 2685 1136 scriptura
2710 1077 2855 1132 pon·

676 1153 795 1200 tum
831 1141 1216 1201 adsciscerem
1258 1149 1319 1201 et
1360 1149 1493 1220 post
1535 1146 1901 1200 truculentum
1941 1141 2221 1201 traditam
2256 1142 2331 1201 ab
2377 1143 2647 1201 omnibus
2689 1142 2855 1202 libris

683 1227 957 1286 voculam
983 1229 1076 1285 ubi
1111 1247 1242 1285 cum
1268 1227 1484 1285 Bernh.
1513 1228 1735 1286 Pisano
1763 1227 2044 1297 delerem;
2082 1227 2158 1285 de
2186 1228 2351 1286 cuius
2388 1229 2615 1304 origine
2650 1247 2855 1286 verum

681 1311 918 1371 videtur
959 1312 1181 1371 vidisse
1213 1311 1460 1371 Ellisius
1504 1314 1569 1369 in
1614 1311 1747 1371 adn.
1787 1315 1910 1370 crit.
1945 1344 2033 1353 —
2070 1314 2190 1371 196
2227 1333 2309 1369 me
2341 1315 2600 1370 miseram
2633 1314 2855 1389 scripsi.

681 1416 874 1476 neque
910 1398 1068 1455 enim
1102 1396 1225 1454 ullo
1260 1396 1434 1455 modo
1471 1404 1664 1474 potest
1689 1396 1946 1457 dubitari
1972 1399 2119 1476 quin
2145 1396 2396 1456 Ovidius
2424 1396 2556 1455 fast.
2584 1397 2684 1456 III
2709 1398 2853 1470 486,

677 1502 815 1540 cum
851 1480 1182 1540 Ariadnam
1216 1483 1300 1540 sic
1342 1489 1684 1561 querentem
1719 1482 1955 1554 faceret,
2001 1504 2084 1539 me
2117 1485 2391 1555 miseram,
2439 1487 2689 1557 quotiens
2721 1483 2856 1540 Izaec

683 1587 781 1642 eqo
832 1568 1000 1623 verba
1052 1569 1254 1640 loquar
1271 1558 1320 1637 ?,
1385 1586 1606 1625 morem
1658 1566 2200 1627 Alexandrinorum
2259 1575 2565 1645 poetarum
2618 1575 2855 1627 secutus

676 1650 864 1727 (conf.
899 1650 1200 1710 Diltheius
1235 1650 1310 1710 de
1348 1649 1578 1710 Gallim.
1619 1650 1895 1730 Cydippa
1927 1671 1984 1730 p.
2027 1648 2175 1727 109)
2219 1652 2414 1710 locum
2457 1652 2616 1712 hunc
2654 1651 2856 1711 Catul-

680 1737 907 1795 lianum
951 1736 1287 1812 significare
1329 1737 1598 1808 voluerit,
1645 1736 2137 1816 quemadmodum
2180 1736 2382 1815 paullo
2428 1745 2565 1796 ante
2609 1735 2689 1812 (v.
2726 1738 2852 1796 473

676 1830 742 1882 et
777 1818 928 1898 475)
972 1820 1236 1889 eiusdem
1292 1820 1497 1899 epyllii
1548 1842 1602 1878 V.
1645 1823 1763 1880 132
1785 1841 1859 1880 se.
1904 1829 1964 1880 et
2011 1821 2197 1880 143‘s.
2249 1822 2566 1881 lectoribus
2618 1824 2737 1881 suis
2790 1824 2855 1881 in

681 1913 938 1966 mentem
971 1908 1288 1965 revocavit.
1361 1905 1512 1965 conf.
1549 1906 1851 1985 Hauptius
1888 1926 2088 1985 opusc.
2120 1906 2191 1965 II
2230 1909 2305 1963 71
2329 1927 2372 1965 s,
2443 1927 2509 1965 ve
2541 1909 2745 1965 misera
2778 1908 2852 1967 V.

677 2012 784 2049 vae
833 1994 1066 2049 miserae
1119 2010 1193 2051 ex
1243 1991 1303 2049 D
1355 1991 1774 2050 Lachmannus
1827 1991 2261 2070 Hauptiusque,
2316 1991 2475 2070 quod
2527 2012 2671 2051 num
2714 1991 2855 2051 ferri

675 2078 919 2136 omnino
953 2079 1139 2155 possit
1170 2075 1528 2135 nonaddito
1564 2077 1695 2134 mihi
1725 2079 2074 2155 pronomine
2106 2076 2486 2137 vehementer
2522 2076 2742 2135 dubito.
2768 2109 2857 2118 —-

684 2162 804 2220 205
853 2181 958 2236 quo
1000 2171 1148 2219 motu
1191 2161 1472 2239 Heysius.
1555 2181 1716 2236 quom
1759 2171 1888 2219 tunc
1922 2162 1997 2221 V.
2076 2180 2182 2237 quo
2229 2172 2356 2219 tanc
2392 2173 2443 2219 et
2480 2162 2618 2220 olim
2650 2161 2852 2238 vulg0,

680 2256 741 2306 et
791 2249 876 2304 ita
926 2246 1363 2318 Lachmannus,
1417 2246 1739 2324 Hauptius.
1787 2279 1873 2287 —-
1927 2247 2051 2304 234
2102 2257 2389 2304 antemnae
2439 2247 2851 2319 BaehrensiuS,

673 2351 859 2410 quam
904 2330 1150 2389 formam
1193 2332 1258 2389 in
1291 2331 1350 2390 V
1384 2349 1421 2387 a
1462 2333 1653 2409 prima
1696 2351 1878 2389 manu
1921 2333 2199 2410 scriptam
2242 2331 2423 2391 fuisse
2459 2351 2534 2391 ex
2571 2331 2855 2410 deprava-

680 2419 844 2474 tione
904 2417 969 2473 in
1030 2413 1083 2473 O
1145 2422 1205 2473 et
1265 2413 1320 2473 G
1385 2418 1703 2493 conspicua
1761 2415 1997 2476 videtur
2047 2416 2249 2494 colligi
2298 2435 2488 2495 posse.
2582 2427 2855 2475 antennae

678 2500 895 2579 reliqui
948 2498 1219 2559 editoreS.
1268 2530 1352 2540 —
1407 2501 1528 2558 237
1575 2502 1913 2575 αάφῑοεοαηι
1956 2520 2085 2578 eg0.
2173 2520 2472 2575 a9noscam
2515 2501 2592 2574 V,
2644 2502 2855 2580 Haup-

682 2588 815 2645 tius.
851 2617 935 2628 ·-—
983 2585 1103 2643 249
1142 2596 1254 2643 tum
1289 2596 1667 2662 prospectans
1713 2606 1848 2651 cum
1889 2595 2090 2646 vetere
2133 2596 2453 2647 correctore
2489 2588 2852 2647 Schwabius.

676 2682 862 2729 tamen
912 2680 1289 2746 prospectans
1338 2670 1419 2730 V.
1536 2681 1715 2728 tamen
1778 2684 2076 2747 aspectans
2137 2671 2195 2732 G
2256 2693 2294 2731 a
2355 2693 2534 2732 manu
2594 2671 2854 2732 secunda

673 2776 815 2815 cum
858 2756 1102 2834 reliquis
1147 2756 1458 2835 plerisque,
1504 2756 1942 2830 LachmannuS,
1995 2758 2299 2835 Hauptius
2354 2754 2496 2831 (nisi
2547 2758 2707 2837 quod
2755 2758 2853 2817 hic

679 2839 1060 2918 adspectans).
1098 2872 1182 2881 —
1217 2842 1341 2899 270
1369 2844 1641 2917 proclivis
1675 2842 2069 2901 Baehrensius
2106 2862 2180 2902 ex
2208 2842 2279 2915 O,
2317 2845 2420 2922 qui
2454 2845 2718 2918 proclivit
2754 2862 2854 2902 ex·

679 2926 857 2999 hibet,
912 2926 1018 2986 sed
1067 2928 1152 2985 ita
1201 2933 1270 2984 ut
1320 2926 1530 2985 ultima
1581 2926 1779 2986 littera
1831 2935 2129 3005 expuncta
2172 2947 2200 2985 s
2254 2930 2709 3006 superscriptum
2761 2930 2851 2987 sit.

667 3014 965 3087 proclivas
1008 3011 1222 3090 reliqui
1264 3010 1419 3085 libri,
1464 3012 1788 3091 Hauptius
1831 3044 1912 3053 -—
1960 3014 2076 3069 271
2126 3031 2332 3072 versus
2375 3012 2637 3071 difficilis
2681 3012 2854 3072 intel-

678 3096 853 3169 lectu,
903 3098 1030 3155 sive
1062 3098 1163 3153 sub
1199 3098 1390 3154 limina
1423 3098 1551 3155 sive
1586 3099 1686 3154 sub
1721 3099 1929 3155 lumina
1963 3097 2214 3174 legimus
2251 3094 2530 3172 (sublimia
2565 3095 2648 3171 V)
2682 3097 2854 3156 mihi-

674 3200 796 3259 que
849 3199 979 3239 eam
1006 3199 1267 3264 ⁸quoque
1317 3180 1393 3239 ob
1454 3201 1693 3240 causam
1753 3190 2055 3261 suspectus
2109 3185 2251 3262 quia
2312 3202 2656 3262 praegressa
2705 3202 2853 3244 voce

678 3268 944 3323 matutino
980 3264 1133 3324 nihil
1164 3266 1309 3324 novi
1342 3269 1669 3325 sententiae
1704 3266 1921 3326 addere
1949 3267 2199 3326 videtur.
2236 3299 2322 3309 —-
2357 3269 2479 3326 273
2517 3271 2666 3326 lenes
2699 3287 2851 3326 reso-

671 3360 816 3407 nant
850 3350 1072 3427 scripsi.
1158 3351 1351 3406 leviter
1385 3361 1585 3407 sonant
1627 3350 1684 3411 G
1718 3371 1851 3409 eum
1885 3352 2129 3431 reliquis
2163 3352 2476 3432 plerisque.
2555 3355 2854 3427 leviterque

677 3445 880 3493 sonant
917 3433 988 3494 O.
1073 3435 1185 3491 leni
1217 3446 1481 3493 resonant
1513 3436 1933 3495 Lachmannus
1968 3437 2390 3517 Hauptiusque
2423 3457 2457 3497 e
2488 3437 2639 3496 libro
2677 3437 2854 3497 Ouia-

681 3523 867 3579 ciano.
950 3538 1155 3578 verum
1198 3540 1321 3578 non
1364 3519 1442 3578 ad
1476 3520 1724 3580 verbum
1758 3521 2077 3599 plangoris,
2122 3524 2227 3601 qui
2261 3522 2450 3600 qualis
2488 3523 2855 3597 significetur

669 3626 755 3665 ex
787 3625 846 3663 v.
884 3605 1006 3662 272
1043 3606 1183 3663 satis
1221 3608 1610 3681 cognoscitur,
1649 3605 1752 3665 sed
1788 3605 1865 3664 ad
1900 3607 2319 3665 cachinnorum
2354 3607 2710 3666 adiectivum
2745 3606 2853 3665 ali·

667 3690 838 3771 quod
888 3691 1237 3769 requirimus
1289 3711 1405 3770 quo
1465 3689 1761 3749 undarum
1811 3711 1985 3750 sonos
2042 3691 2318 3751 clementi
2376 3691 2622 3770 zephyri
2683 3692 2853 3750 flatui

676 3774 1031 3854 respondere
1059 3774 1402 3834 declaretur.
1463 3784 1769 3854 praeterea
1802 3778 2216 3835 lenesresonant
2244 3777 2395 3854 (sive
2419 3775 2851 3854 lenisresonant)

670 3860 910 3920 facilius
965 3880 1142 3939 quam
1193 3863 1566 3918 leniresonant
1617 3862 1681 3919 in
1741 3863 1932 3918 leviter
1984 3872 2184 3920 sonant
2238 3864 2532 3939 corrumpi
2590 3864 2854 3940 potuisse

669 3945 936 4023 adparet.
1007 3944 1159 4003 conf.
1189 3948 1454 4021 proclivit
1488 3947 1554 4003 in
1589 3943 1642 4005 Ο
1680 3948 1962 4024 scriptum
1995 3966 2053 4008 v.
2092 3947 2233 4005 270.
2270 3978 2355 3988 -
2391 3947 2512 4004 275
2551 3948 2620 4003 ab
2655 3946 2729 4006 V.
2815 3968 2855 4005 a

675 4030 734 4088 D
772 4029 1009 4108 aliique,
1044 4029 1480 4103 LachmannuS,
1518 4030 1839 4109 Hauptius.
1877 4062 1962 4072 —
1997 4033 2118 4090 276
2157 4034 2238 4089 sic
2273 4042 2384 4089 tum
2417 4031 2574 4089 Itali.
2646 4036 2727 4089 sic
2764 4041 2851 4090 ta-

675 4136 795 4171 men
832 4111 906 4173 Ο.
990 4116 1070 4172 sic
1105 4124 1284 4173 tamen
1320 4135 1456 4174 sscr.
1493 4117 1590 4173 tibi
1625 4113 1682 4174 Gr
1714 4123 1863 4175 teste
1900 4117 2190 4176 Bonnet0.
2269 4119 2350 4174 sic
2388 4118 2485 4174 tibi
2516 4116 2575 4174 D
2612 4115 2853 4195 aliique.

671 4199 835 4259 vnde
872 4201 952 4257 sic
987 4200 1410 4280 ibinHauptius.
1455 4231 1542 4241 —-
1583 4203 1838 4259 vestibuli
1878 4203 1984 4260 vix
2019 4221 2243 4261 sanum.
2318 4201 2469 4261 conf.
2506 4221 2564 4260 v.
2601 4203 2680 4259 47
2703 4223 2747 4261 s.
2793 4209 2862 4261 et
