3225 5171
1134 487 1490 530 ADNOTATIO
1535 485 1780 529 CRITIGA
2367 485 2550 527 CXXIX

372 605 644 678 antehac,
683 626 815 665 cum
844 607 1034 664 amica
1062 605 1341 682 congredi
1369 607 1619 665 vetitum
1645 623 1786 679 esse,
1826 602 1999 663 simul
2034 603 2173 662 hinc
2201 606 2418 680 optime
2444 603 2552 661 illa

374 692 558 751 verba
591 691 982 750 inlustrantur
1016 691 1229 769 quibus
1259 689 1528 749 Catullus
1563 692 1627 749 in
1664 689 1904 750 exordio
1941 689 2168 765 elegiae
2204 688 2278 747 de
2312 687 2552 746 fortuna

373 777 630 836 adversa
675 778 852 835 amici
893 776 1133 835 rettulit.
1220 796 1360 834 nam
1404 775 1479 835 de
1521 783 1735 834 natura
1777 774 1974 833 acerbi
2015 777 2185 832 istius
2230 792 2398 832 casus
2433 793 2550 853 quo

378 879 442 920 se
485 879 826 939 oppressum
869 878 995 919 esse
1038 859 1233 918 Allius
1277 860 1508 920 absenti
1544 859 1782 918 Catullo
1827 877 1934 938 per
1967 858 2281 936 epistulam
2316 860 2550 917 nuntia-

373 954 545 1005 verat
596 948 659 1003 in
702 947 1043 1003 universum
1093 946 1307 1003 rectius
1362 964 1540 1023 quam
1596 952 1817 1004 ceteros
1872 942 1943 1003 O.
1980 942 2432 1003 Harneckerum
2486 945 2550 1001 in

372 1038 808 1109 programmate
851 1031 1150 1107 gymnasii
1191 1028 1716 1106 Friedebergensis
1769 1049 1821 1087 a.
1879 1029 2061 1097 1881,
2115 1049 2172 1107 p.
2223 1029 2259 1086 3
2282 1048 2354 1086 ss.
2401 1027 2551 1086 iudi-

377 1134 542 1174 casse
576 1133 801 1185 cense0,
837 1134 1194 1193 quamquam
1229 1134 1421 1194 neque
1446 1121 1603 1174 recte
1632 1133 1889 1172 amorem
1924 1113 1999 1172 ab
2034 1113 2128 1171 his
2164 1112 2551 1171 incommodis

373 1199 557 1277 plane
599 1199 856 1258 alienum
900 1197 1083 1257 fuisse
1127 1202 1360 1276 putavit
1401 1207 1461 1259 et
1503 1199 1624 1257 alia
1659 1197 1951 1277 quaedam
1984 1200 2181 1256 minus
2217 1197 2551 1275 probabilia

376 1284 764 1362 disputationi
808 1301 951 1342 suae
992 1282 1322 1343 admiscuit.
1409 1292 1651 1362 perapte
1695 1292 1892 1342 autem
1944 1282 2062 1340 dici
2107 1281 2346 1341 videtur
2398 1293 2551 1341 terra

380 1368 522 1428 olim
566 1367 707 1426 data
749 1367 968 1427 auferri
1010 1371 1094 1428 eis
1138 1369 1351 1447 quibus
1395 1368 1555 1427 facta
1598 1368 1674 1426 ab
1719 1369 1908 1426 amico
1945 1368 2117 1446 copia
2161 1387 2293 1425 cum
2340 1367 2550 1446 puellis

378 1456 591 1512 amatis
645 1453 1039 1513 conveniendi
1091 1453 1283 1512 subito
1332 1453 1676 1525 detrahitur,
1731 1471 1843 1512 nec
1887 1450 2134 1512 multum
2178 1451 2360 1510 distat
2405 1452 2551 1510 haec

378 1538 724 1615 metaphora
775 1538 852 1596 ab
907 1557 976 1598 ea
1025 1540 1288 1614 imagine
1340 1558 1457 1617 qua
1520 1539 1691 1596 initio
1745 1539 2021 1599 carminis
2077 1536 2343 1596 condicio
2395 1536 2550 1595 Allii

379 1622 672 1700 descripta
709 1631 797 1682 est
838 1620 918 1698 (v.
958 1624 994 1680 3
1016 1643 1060 1682 s.
1131 1622 1284 1681 conf.
1321 1626 1497 1682 etiam
1537 1643 1592 1682 v.
1635 1623 1713 1680 63
1735 1619 1850 1697 ss.).
1940 1620 2149 1701 quodsi
2184 1625 2314 1701 quis
2349 1623 2412 1680 in
2449 1642 2550 1681 au·

381 1706 553 1766 dacia
584 1706 982 1766 translationis
1017 1707 1289 1780 offendet,
1324 1707 1752 1767 recordandum
1780 1714 1870 1766 est
1892 1707 2216 1766 locutiones
2250 1710 2316 1764 in
2344 1705 2550 1765 eadem

380 1794 645 1869 imagine
680 1795 898 1871 positas
933 1792 1092 1870 apud
1126 1794 1426 1852 Romanos
1463 1792 1781 1851 admodum
1815 1795 2060 1851 usitatas
2096 1810 2238 1864 esse,
2277 1799 2549 1869 opportu-

377 1896 574 1955 neque
607 1877 821 1935 Munro
858 1875 1122 1954 (journal
1160 1877 1227 1936 of
1253 1877 1454 1956 philol.
1489 1873 1855 1949 V111,335),
1893 1878 1994 1955 qui
2029 1896 2188 1935 nunc
2224 1884 2283 1935 et
2316 1879 2443 1952 ipse
2479 1896 2547 1935 eo

376 1963 633 2020 inclinat
666 1969 732 2020 ut
765 1961 1118 2021 vocabulum
1162 1973 1369 2020 terram
1410 1982 1517 2040 pro
1554 1964 1787 2037 integro
1821 1961 2053 2032 habeat,
2088 1981 2211 2019 non
2246 1960 2436 2019 nullos
2472 1967 2549 2019 ex

270 2067 283 2079 ·
377 2046 593 2104 Plauto
631 2053 690 2104 et
724 2044 1007 2105 Cicerone
1040 2047 1200 2106 locos
1236 2046 1313 2106 ad
1347 2045 1763 2105 stabiliendam
1797 2045 1951 2104 hanc
1985 2045 2297 2104 lectionem
2332 2044 2545 2116 attulit,

378 2131 568 2190 veluti
610 2139 844 2190 mercat.
888 2151 944 2189 v.
985 2132 1104 2188 197
1124 2150 1196 2189 s.:
1248 2133 1493 2206 equidem
1534 2151 1618 2188 me
1658 2134 1770 2188 iam
1815 2132 2095 2188 censebam
2137 2150 2258 2188 esse
2300 2132 2357 2187 in
2393 2140 2548 2187 terra

379 2226 547 2290 atque
589 2219 645 2273 in
691 2226 806 2273 tuto
850 2219 1000 2273 loco:
1063 2217 1265 2274 Verum
1314 2217 1467 2272 video
1518 2235 1602 2272 me
1646 2218 1841 2272 iterum
1885 2217 1964 2272 ad
2004 2234 2149 2272 saxa
2188 2217 2334 2288 ferri
2366 2218 2548 2272 saevis

373 2303 649 2371 fluctibua
721 2306 1025 2377 praeterea
1075 2298 1449 2359 manifestum
1502 2307 1591 2358 est
1640 2307 1876 2378 poetam
1922 2307 1981 2358 et
2030 2299 2127 2358 hic
2172 2306 2232 2359 et
2276 2299 2547 2359 omnibus

380 2388 623 2444 omnino
673 2383 818 2443 locis
867 2384 972 2442 ubi
1024 2383 1098 2444 de
1147 2384 1299 2442 Allii
1351 2383 1591 2442 fortuna
1653 2384 1842 2463 deque
1895 2388 2020 2443 eius
2074 2386 2311 2462 suisque
2362 2386 2545 2462 ipsius

378 2469 542 2549 apud
578 2468 933 2527 ‘dominam'
971 2469 1267 2527 amoribus
1301 2469 1564 2548 loquitur
1598 2472 1870 2528 cautione
1907 2477 1965 2528 et
1991 2471 2258 2549 quaesita
2291 2469 2546 2549 quadam

382 2556 733 2615 obscuritate
760 2556 847 2613 uti
871 2572 1080 2634 resque
1106 2574 1225 2613 non
1260 2562 1381 2613 tam
1407 2556 1716 2614 enuntiare
1742 2573 1916 2634 quam
1953 2553 2165 2614 leviter
2191 2553 2543 2630 significare.

378 2661 496 2720 quo
517 2660 592 2700 ex
609 2639 801 2699 studio
827 2639 1062 2699 videtur
1086 2639 1234 2699 illud
1261 2659 1496 2720 quoque
1523 2640 1942 2718 explicandum
1962 2658 2087 2699 esse
2106 2639 2267 2718 quod
2284 2647 2543 2699 extremo

378 2725 617 2784 demum
653 2728 911 2784 carmine
945 2724 1134 2804 qualis
1159 2724 1310 2783 Allii
1346 2744 1514 2784 casus
1550 2725 1728 2784 fuerit
1763 2727 1964 2802 paucis
1998 2726 2190 2803 aperit
2223 2724 2543 2783 hominem·

378 2829 496 2889 que
540 2816 715 2869 antea
757 2809 1021 2868 nondum
1065 2818 1578 2869 commemoratum
1621 2809 1818 2868 infert.
1888 2811 2007 2867 iam
2041 2827 2180 2867 vero
2217 2816 2387 2866 erunt
2429 2808 2545 2867 for·

378 2902 537 2953 tasse
571 2898 674 2973 qui
708 2902 928 2970 negent
961 2894 1089 2953 fieri
1130 2897 1390 2973 potuisse
1424 2902 1489 2953 ut
1524 2901 1716 2971 poeta,
1760 2895 1992 2951 iuvenis
2027 2895 2264 2969 ingenio
2300 2896 2362 2950 in
2398 2894 2546 2951 iram

380 2996 677 3057 praeceps,
714 2982 891 3037 etiam
927 2998 1061 3037 eum
1095 2998 1267 3058 quem
1302 2982 1430 3056 ipse
1467 2990 1680 3037 terram
1707 2977 2041 3036 amantibus
2069 2976 2298 3036 auferre
2326 2976 2546 3036 diceret

378 3064 553 3121 bonis
596 3070 1043 3140 prosequeretur
1094 3064 1403 3123 ominibus.
1492 3071 1553 3120 at
1597 3065 1649 3121 si
1692 3062 1859 3120 illum
1904 3065 2239 3121 necessitati
2281 3064 2545 3140 paruisse

376 3154 645 3217 noverat,
672 3155 846 3222 ,certe
889 3150 1078 3223 magis
1123 3147 1329 3206 habuit
1373 3168 1477 3206 cur
1518 3150 1778 3225 priorum
1814 3146 2227 3206 beneficiorum
2264 3158 2321 3206 et
2357 3149 2543 3206 amico

378 3252 487 3291 suo
525 3238 585 3289 et
617 3229 853 3289 sibimet
893 3233 1008 3307 ipsi
1043 3231 1312 3290 datorum
1356 3240 1521 3308 grato
1557 3234 1755 3291 animo
1789 3231 2193 3290 recordaretur
2227 3252 2405 3312 quam
2442 3252 2546 3290 cur

381 3315 854 3387 excandesceret,
889 3335 1080 3395 neque
1114 3316 1578 3376 obliviscendum
1614 3326 1703 3376 est
1728 3315 1979 3393 elegiam
2005 3316 2159 3376 hanc
2187 3335 2255 3376 eo
2281 3326 2544 3395 tempore

382 3421 498 3480 quo
525 3402 797 3460 Veronae
831 3400 1043 3459 absens
1076 3410 1262 3460 morte
1295 3402 1493 3461 fratris
1527 3405 1788 3478 graviter
1813 3401 2085 3460 adflictus
2120 3409 2245 3460 erat
2278 3405 2544 3480 conposi-

377 3496 502 3545 tam
547 3504 687 3546 esse.
775 3505 1009 3563 possum
1052 3484 1270 3545 addere
1314 3486 1446 3557 alia,
1494 3486 1597 3545 sed
1639 3489 1759 3545 iam
1802 3484 1958 3544 ultra
1999 3485 2237 3544 modum
2273 3505 2542 3562 egressus

380 3591 527 3629 sum.
601 3574 801 3650 itaque
836 3570 1015 3629 finem
1052 3570 1391 3649 disputandi
1432 3571 1692 3629 facturus
1736 3568 1801 3628 id
1843 3579 2072 3628 tantum
2107 3590 2280 3647 agam
2314 3579 2381 3629 ut
2424 3573 2541 3650 quo

379 3656 554 3715 modo
609 3655 951 3733 depravatio
1013 3663 1140 3714 orta
1193 3675 1318 3716 esse
1368 3656 1512 3714 mihi
1567 3654 1840 3714 videatur
1891 3655 2180 3734 explicem
2233 3657 2543 3733 ipsumque

383 3740 540 3819 quod
581 3740 829 3800 adhibui
871 3739 1197 3799 remedium
1239 3761 1276 3798 a
1318 3744 1749 3819 vituperatione
1794 3738 2127 3799 defendam.
2197 3748 2337 3819 puto
2384 3743 2542 3799 enim

381 3827 631 3903 primum
664 3844 986 3904 pronomen
1012 3826 1324 3885 relativum
1351 3846 1516 3901 quam
1549 3832 1683 3903 post
1709 3828 1805 3900 qui
1836 3844 1942 3902 per
1967 3844 2218 3885 errorem
2248 3828 2541 3897 omissum,

384 3910 597 3969 deinde
638 3913 808 3969 metri
852 3909 1154 3969 reficiendi
1197 3930 1374 3968 causa
1418 3912 1695 3969 carminis
1738 3909 2166 3974 LXVItversu
2209 3911 2308 3983 49,
2357 3914 2459 3990 qui
2508 3931 2545 3969 a

310 4063 321 4070 ὦ
382 3995 577 4053 verbis
629 4006 679 4052 et
732 3998 829 4069 qui
869 3998 1151 4072 principio
1205 3994 1444 4067 orditur,
1499 3997 1562 4053 in
1616 3995 1902 4053 auxilium
1953 4004 2160 4054 vocato
2208 4016 2313 4073 pro
2358 3998 2543 4072 primo

383 4079 761 4138 substitutum
813 4099 945 4152 esse„
983 4082 1284 4157 principio,
1373 4099 1549 4159 quam
1603 4083 2026 4158 suspicionem·
2051 4084 2101 4140 si
2154 4082 2283 4160 quis
2336 4101 2544 4159 parum

384 4163 747 4241 probabilem
799 4183 924 4224 esse
975 4165 1265 4224 iudicabit
1315 4171 1624 4242 propterea
1667 4164 1825 4244 quod
1869 4185 1988 4223 vox
2033 4185 2185 4245 quae
2230 4175 2318 4224 est
2361 4168 2545 4240 primo

385 4266 560 4307 versu
595 4250 861 4326 proximo
887 4254 1160 4309 recurrit:
1199 4269 1269 4309 ea
1302 4252 1571 4328 repetitio
1607 4252 1714 4308 vix
1748 4256 1939 4328 potest
1971 4250 2322 4328 permolesta
2354 4248 2547 4307 videri

488 4343 677 4383 Catullus
2135 4347 2159 4386 Ι
