3225 5171
734 448 870 488 XLII
1599 444 2053 487 PROLEGOMENA

735 565 1006 641 tellegaS.
1041 594 1124 604 —
1161 562 1344 622 alium
1389 568 1704 635 oratorem,
1749 563 2029 634 Sestium,
2078 561 2348 622 Catullus
2390 566 2454 623 in
2498 585 2545 623 c.
2581 565 2791 627 XLIV
2835 567 2910 627 ob

731 649 1027 726 frigidum
1080 647 1375 708 scribendi
1437 667 1624 724 genus
1675 647 1919 720 inridet,
1985 668 2103 726 qua
2155 669 2287 707 cum
2339 651 2622 710 inrisione
2672 650 2912 712 laudem

736 735 920 795 villae
955 752 1095 793 suae
1120 733 1494 792 suburbanae
1518 732 1715 811 lepide
1743 734 2064 810 coniungit.
2117 734 2355 792 simulat
2381 737 2539 793 enim
2568 755 2631 795 se
2656 736 2909 814 legendo

742 821 1066 879 orationem
1125 818 1286 878 illius
1346 820 1410 876 in
1468 817 1719 876 Antium
1777 821 2087 896 petitorem
2147 826 2267 877 tam
2328 820 2734 881 vehementem
2795 823 2912 882 sibi

733 904 1122 981 gravedinem
1156 906 1483 983 tussimque
1519 905 1881 962 contraxisse
1926 911 1993 961 ut
2028 905 2284 982 corporis
2329 905 2575 964 curandi
2617 909 2811 983 gratia
2844 910 2910 966 in

738 989 989 1048 fundum
1015 1009 1186 1047 suurn
1203 989 1588 1047 Tiburtinum
1616 989 1728 1047 sibi
1758 988 2220 1065 confugiendum
2246 997 2413 1049 esset.
2465 991 2624 1050 hunc
2652 991 2909 1051 Sestium

729 1094 865 1136 esse
898 1074 966 1132 P.
1004 1074 1262 1133 Sestium
1297 1095 1333 1132 a
1369 1072 1653 1132 Cicerone
1688 1093 1740 1132 a.
1773 1070 1999 1149 698s56
2039 1073 2347 1133 defensum
2380 1077 2603 1153 primus
2638 1077 2907 1138 Achilles

734 1159 961 1220 Statius
1022 1162 1349 1238 suspicatus
1408 1164 1520 1230 est,
1591 1159 1686 1216 cui
1746 1167 1944 1217 nostra
2003 1168 2196 1218 aetate
2256 1163 2501 1220 accessit
2561 1160 2906 1221 Schwabius

735 1268 793 1325 p.
833 1246 953 1303 303
993 1265 1035 1303 s.
1072 1252 1250 1323 atque
1284 1242 1422 1302 huic
1467 1245 1792 1302 sententiae
1834 1243 2152 1321 plurimum
2195 1263 2338 1304 sane
2382 1246 2905 1305 commendationis

730 1331 877 1391 inde
914 1338 1001 1391 est
1035 1337 1304 1407 paratum
1340 1327 1495 1407 quod
1532 1330 1660 1406 ipse
1698 1327 1903 1387 Cicero
1947 1330 2114 1408 epist.
2152 1329 2232 1387 ad
2274 1329 2459 1388 famil.
2495 1331 2620 1390 VII
2657 1332 2735 1389 32
2776 1334 2808 1388 1
2850 1339 2908 1391 et

733 1416 813 1475 ad
845 1415 971 1476 Att.
1007 1415 1134 1475 VII
1172 1416 1249 1471 17
1288 1415 1325 1469 2
1364 1412 1638 1471 clientem
1674 1412 1812 1472 olim
1856 1433 2027 1472 suum
2062 1414 2360 1474 hominem
2404 1415 2692 1474 insulsum
2729 1424 2905 1496 atque

724 1501 955 1560 malum
991 1502 1329 1577 scriptorem
1366 1516 1492 1557 esse
1534 1499 1675 1556 satis
1718 1506 1918 1577 aperte
1961 1499 2270 1575 significat.
2341 1503 2474 1579 quis
2508 1520 2649 1560 vero
2684 1500 2904 1560 Antius

732 1590 948 1665 petitor
982 1584 1175 1656 fuerit,
1222 1585 1286 1642 in
1323 1602 1497 1662 quem
1533 1582 1711 1641 Sestii
1745 1582 1988 1642 extabat
2021 1586 2226 1657 oratio,
2271 1605 2391 1643 non
2423 1605 2733 1664 possumus
2770 1606 2904 1645 con-

721 1675 956 1731 iectura
991 1668 1251 1748 adsequi.
1305 1688 1681 1747 quamquam,
1719 1688 1849 1727 cum
1886 1674 2223 1747 reputamus
2251 1668 2509 1729 Sestium
2536 1679 2903 1749 sumptuosas

723 1775 910 1816 cenas
946 1754 1140 1814 facere
1177 1753 1413 1813 solitum
1449 1772 1590 1826 esse,
1627 1753 1692 1811 id
1725 1754 1886 1832 quod
1920 1773 1953 1812 e
1988 1755 2252 1814 versibus
2291 1756 2325 1813 9
2368 1757 2447 1813 10
2484 1757 2560 1813 21
2609 1756 2904 1833 intellegi·

720 1849 843 1914 tur,
883 1839 1126 1899 difficile
1157 1848 1245 1898 est
1268 1859 1391 1898 non
1417 1841 1675 1915 cogitare
1703 1837 1777 1898 de
1805 1838 1989 1897 Antio
2015 1840 2296 1899 Restione
2320 1839 2424 1898 illo
2453 1859 2626 1919 quem
2642 1841 2902 1901 Macrob.

720 1933 835 1985 sat.
871 1926 974 1984 III
1013 1927 1089 1982 17
1131 1925 1227 1997 13,
1264 1944 1322 2002 p.
1361 1925 1482 1981 213
1519 1924 1692 2002 Eyss
1729 1926 1933 2001 paucis
1971 1926 2142 1983 annis
2185 1931 2320 2003 post
2360 1924 2554 2002 legem
2587 1925 2902 1985 Aemiliam

722 2032 779 2071 a.
814 2006 960 2088 676]
965 2013 999 2068 7
1005 2012 1041 2069 8
1068 2009 1252 2069 latam
1286 2029 1503 2067 novam
1536 2008 1730 2084 legem
1760 2011 2183 2087 sumptuariam
2209 2009 2413 2069 tulisse
2446 2017 2695 2069 testatur
2724 2010 2900 2087 (conf.

719 2099 908 2156 etiam
953 2094 1106 2156 Gell.
1152 2095 1220 2154 H
1264 2095 1345 2151 24
1395 2092 1516 2171 13).
1588 2092 1747 2173 quod
1791 2095 2033 2153 minime
2076 2093 2315 2173 quidem
2358 2095 2630 2154 volumus
2680 2098 2766 2155 ita
2815 2099 2902 2155 in-

718 2180 935 2257 tellegi
1002 2183 1174 2259 quasi
1243 2181 1567 2239 orationem
1630 2200 1667 2237 a
1728 2177 1961 2238 Catullo
2033 2188 2547 2238 commemoratam
2603 2180 2681 2239 ad
2741 2182 2905 2240 illam

726 2267 922 2343 legem
956 2267 1307 2343 pertinuisse
1341 2272 1629 2342 putemus.
1701 2264 1808 2323 sed
1841 2267 1993 2323 inter
2027 2264 2325 2324 hominem
2361 2265 2537 2342 gulae
2579 2266 2901 2326 subtilioris

720 2361 788 2410 et
832 2350 983 2426 legis
1034 2350 1290 2408 cibariae
1341 2349 1589 2408 latorem
1642 2356 1848 2408 mutua
1899 2349 2081 2409 fuisse
2133 2349 2271 2410 odia
2312 2350 2489 2410 facile
2543 2350 2621 2409 ad
2665 2352 2904 2413 creden·

718 2435 871 2494 dum
908 2442 1011 2493 est.
1667 2431 1672 2437 ’

853 2520 1202 2579 Transimus
1255 2518 1332 2577 ad
1385 2536 1455 2577 ea
1507 2521 1935 2598 epigrammata
1985 2521 2050 2578 in
2102 2520 2316 2600 quibus
2372 2519 2639 2580 Catullus
2699 2529 2900 2601 poetas

715 2605 1012 2686 quosdam
1064 2605 1179 2665 sibi
1221 2604 1496 2683 aequales
1538 2606 1899 2684 perstringit.
1970 2613 2030 2664 et
2079 2607 2144 2664 in
2191 2627 2237 2666 c.
2284 2606 2481 2666 XXII
2532 2606 2771 2686 quidem
2824 2608 2902 2668 ad

725 2694 953 2752 Varum
988 2694 1165 2751 misso
1201 2690 1508 2749 Suffenum
1541 2690 1842 2749 hominem
1876 2700 2190 2749 venustum
2233 2699 2293 2750 et
2328 2691 2590 2751 dicacem
2635 2700 2695 2752 et
2727 2693 2900 2753 urba-

723 2797 870 2836 num
917 2795 1045 2836 esse
1088 2777 1190 2848 ait,
1238 2774 1342 2834 sed
1385 2774 1498 2833 hoc
1544 2776 1692 2834 vitio
1733 2774 2066 2853 praeditum
2115 2785 2185 2834 ut
2227 2795 2431 2835 versus
2475 2776 2723 2837 fundere
2767 2799 2901 2838 con-

713 2864 906 2922 suerit
948 2862 1126 2940 plane
1167 2860 1343 2919 rudes
1396 2867 1574 2938 atque
1625 2859 1977 2933 inconditOS,
2032 2880 2248 2941 eosque
2295 2862 2463 2921 libris
2514 2865 2897 2923 ornatissimis

724 2947 982 3007 edendos
1019 2953 1184 3007 curet
1217 2954 1394 3024 atque
1444 2965 1518 3003 ex
1559 2953 1683 3003 tam
1717 2965 1901 3023 pravo
1947 2946 2140 3005 studio
2185 2946 2590 3007 incredibilem
2632 2948 2901 3027 volupta-

710 3041 840 3092 tem
883 3034 1184 3111 percipiat.
1254 3030 1413 3089 idem
1447 3029 1724 3090 Suffenus
1759 3032 1823 3089 in
1859 3051 1906 3090 c.
1940 3031 2099 3091 XIV
2135 3032 2212 3089 19
2259 3051 2382 3091 una
2424 3052 2559 3091 cum
2595 3032 2805 3092 Caesio
2841 3042 2900 3094 et

718 3118 962 3196 Aquino
1015 3119 1168 3175 inter
1217 3117 1502 3193 pessimos
1552 3124 1759 3194 poetas
1810 3123 2166 3176 numeratur.
2248 3116 2354 3176 hos
2406 3137 2608 3178 omnes
2658 3118 2902 3179 aliunde

719 3219 843 3261 non
886 3203 1177 3273 novimuS,
1223 3202 1340 3258 nisi
1384 3198 1545 3278 quod
1591 3199 1798 3260 Cicero
1843 3220 2076 3281 quoque
2110 3202 2353 3261 Tuscul.
2399 3202 2547 3282 disp.
2585 3204 2642 3263 V
2679 3205 2758 3261 22
2799 3205 2896 3277 63,

718 3294 787 3345 ut
838 3284 1173 3363 exemplum
1236 3286 1476 3363 pessimi
1536 3292 1747 3362 poetae
1806 3287 2117 3364 proferret,
2181 3286 2489 3367 Aquinum
2549 3291 2895 3348 nominavit.

721 3389 916 3449 neque
951 3372 1111 3429 enim
1147 3369 1405 3428 dubitari
1437 3377 1631 3448 potest
1665 3371 1809 3449 quin
1840 3391 1947 3450 pro
1991 3373 2229 3432 nomine
2264 3372 2566 3449 gentilicio
2601 3374 2897 3449 Aquinius,

708 3455 882 3534 quod
927 3457 1135 3533 optimi
1187 3453 1418 3514 codices
1461 3455 1765 3533 praebent,
1812 3475 2140 3534 cognomen
2174 3458 2427 3533 Aquinus
2471 3458 2896 3518 restituendum

719 3543 796 3599 sit
831 3536 1011 3616 (conf.
1051 3541 1195 3600 Tac.
1233 3539 1368 3599 hist.
1405 3539 1440 3598 Ι
1479 3542 1532 3597 7.
1582 3541 1837 3599 Martial.
1875 3542 1907 3600 Ι
1944 3543 2021 3600 93
2064 3539 2143 3617 1),
2178 3550 2596 3622 receperatque
2630 3543 2694 3602 id
2731 3543 2895 3604 Orel-

719 3626 836 3685 lius
872 3626 936 3685 in
973 3625 1230 3685 editione
1265 3627 1407 3683 anni
1449 3626 1629 3684 1828.
1699 3625 1859 3705 quod
1895 3635 2090 3687 autem
2129 3626 2334 3696 Cicero
2379 3628 2492 3687 sibi
2536 3627 2718 3689 fuisse
2760 3648 2895 3688 cum

714 3712 961 3791 Aquino
1000 3712 1315 3770 amicitiam
1351 3718 1568 3784 narrat,
1615 3710 1756 3771 inde
1789 3711 1947 3771 hunc
1991 3721 2050 3772 et
2085 3711 2319 3773 Catullo
2365 3713 2670 3792 aliquanto
2715 3716 2894 3773 maio-

718 3816 843 3855 rem
888 3804 1034 3856 natu
1078 3804 1137 3857 et
1181 3816 1233 3854 a.
1282 3791 1528 3873 710l44‚
1584 3816 1701 3875 quo
1746 3799 2030 3874 posterior
2071 3817 2209 3876 pars
2252 3798 2727 3857 Tusculanarum
2778 3798 2893 3858 dis·

707 3884 1088 3960 jputationum
1115 3884 1333 3959 scripta
1358 3888 1461 3954 est,
1480 3883 1600 3939 iam
1628 3900 1661 3941 e
1688 3883 1813 3940 vita
1839 3901 2135 3958 egressum
2163 3883 2344 3943 fuisse
2369 3882 2790 3942 concludimus.
2808 3915 2892 3925 —

714 3966 917 4045 paullo
951 3966 1124 4044 plura
1153 3965 1405 4025 dicenda
1438 3975 1576 4025 sunt
1610 3966 1684 4025 de
1711 3966 1974 4039 Volusio,
2013 3970 2110 4026 cui
2137 3966 2406 4027 Catullus
2442 3968 2624 4027 semel
2657 3971 2893 4029 iterum·

703 4070 833 4130 ›que
866 4051 1188 4111 insultavit.
1246 4057 1422 4129 atque
1448 4053 1514 4110 in
1540 4070 1588 4109 c.
1617 4050 1793 4111 XCV
1818 4052 2074 4129 quidem,
2111 4073 2149 4111 a
2174 4072 2290 4131 quo
2317 4052 2487 4112 nobis
2520 4053 2894 4130 proficiscen·

711 4136 858 4195 dum
912 4144 1022 4209 est,
1078 4136 1398 4215 Zmyrnam
1438 4135 1518 4195 C.
1563 4135 1772 4195 Helvii
1819 4137 2047 4197 Cinnae
2100 4138 2302 4208 amici,
2358 4137 2624 4216 epyllion
2678 4158 2893 4199 novem

704 4224 894 4282 annis
945 4229 1079 4302 post
1131 4241 1310 4301 quam
1364 4229 1637 4301 coeptum
1689 4229 1813 4283 erat
1865 4222 2111 4296 editum,
2168 4221 2483 4282 annalibus
2526 4223 2758 4283 Volusii
2809 4226 2895 4282 ita
