3225 5171
1155 439 1616 484 Pnomaomms.
2350 441 2476 483 XXV

291 559 547 620 fortasse
579 563 720 620 vivo
756 563 935 621 etiam
965 558 1131 619 illius
1162 564 1413 638 coniuge
1457 560 1760 620 adfirmari
1799 562 2009 639 potuit,
2052 565 2252 620 tamen
2292 563 2486 619 totius

290 648 448 705 ratio
483 649 765 725 poematii
798 643 979 722 (conf.
1007 665 1063 703 v.
1095 643 1160 722 3)
1193 645 1377 705 multo
1415 655 1502 706 est
1535 649 1808 724 apertior,
1844 649 1897 704 si
1929 644 2234 707 mulierem
2265 653 2479 723 poetae

293 737 425 790 tum
458 730 642 790 verba
671 729 903 792 dedisse
939 733 1234 804 sumimus,
1273 752 1405 789 cum
1437 731 1629 790 libera
1663 737 1817 790 esset
1848 733 2039 809 eique,
2073 729 2249 789 modo
2274 729 2483 802 vellet,

294 815 521 876 nubere
554 823 767 894 posset.
838 836 956 895 qua
991 836 1121 874 cum
1156 816 1551 895 explicatione
1585 819 1825 893 egregie
1868 818 2126 875 concinit
2160 814 2318 895 quod
2350 817 2474 874 Me-

290 899 471 960 tellus
514 899 722 961 eodem
767 921 923 960 anno
973 895 1219 976 695l59,
1273 908 1333 959 et
1375 900 1615 980 quidem
1666 900 1791 961 fere
1840 900 2054 974 medio,
2103 908 2173 960 ut
2220 899 2477 973 videtur,

298 993 456 1046 certe
481 1006 605 1045 non
632 994 769 1046 ante
793 1004 1054 1045 mensem
1070 987 1298 1044 Maium
1323 993 1651 1045 extremum
1677 982 1822 1061 (vid.
1840 984 2157 1045 Eduardus
2173 985 2481 1046 Brunerus

293 1069 334 1129 l.
374 1091 421 1130 c.
467 1090 525 1149 p.
565 1072 687 1129 619
718 1068 809 1146 s.),
865 1090 898 1130 e
940 1074 1066 1129 vita
1111 1089 1379 1147 egressus
1425 1078 1528 1130 est.
1598 1075 1801 1150 itaque
1843 1069 2005 1129 haud
2046 1071 2294 1130 multum
2343 1078 2481 1147 post.

296 1159 425 1216 eius
457 1165 719 1229 mortem,
758 1177 891 1215 cum
925 1174 989 1215 se
1022 1153 1174 1213 falsa
1208 1174 1312 1234 spe
1343 1154 1590 1233 produci
1625 1155 2011 1233 intellegeret,
2055 1163 2291 1235 poetam
2323 1154 2476 1214 illud

298 1259 535 1300 carmen
571 1245 871 1319 scripsisse
906 1258 1225 1300 censemus.
1293 1242 1415 1299 iam
1449 1260 1525 1300 ex
1559 1244 1647 1300 eis
1681 1259 1835 1319 quae
1870 1240 2064 1300 adhuc
2098 1244 2482 1319 exposuimus

300 1329 675 1404 consequitur
707 1334 775 1385 ut
810 1328 1011 1384 omnia
1045 1328 1283 1384 omnino
1320 1329 1580 1384 carmina
1611 1329 1680 1385 in
1716 1326 1930 1404 quibus
1959 1325 2227 1386 Catullus
2263 1332 2365 1384 aut
2400 1325 2479 1384 de

295 1409 525 1469 violata
567 1411 643 1469 ab
687 1408 910 1469 Lesbia
951 1409 1069 1468 fide
1113 1414 1377 1489 queritur
1426 1419 1528 1470 aut
1569 1410 1789 1470 rivales
1834 1430 1970 1470 suos
2010 1414 2332 1470 insectatur
2373 1417 2477 1469 aut

297 1493 557 1573 denique
608 1514 671 1555 se
713 1498 841 1574 ipse
892 1502 1094 1554 contra
1145 1499 1289 1554 istas
1338 1498 1604 1555 miserias
1655 1499 1854 1555 animo
1907 1495 2216 1556 obfirmare
2260 1495 2477 1568 studet,

300 1587 545 1659 excepto
588 1583 847 1639 carmine
879 1579 980 1638 XI
1014 1587 1074 1639 et
1114 1579 1361 1640 fortasse
1403 1584 1582 1640 etiam
1612 1581 1843 1654 LVIII,
1888 1600 2040 1660 quae
2082 1581 2254 1640 ambo
2299 1580 2377 1638 ad
2409 1580 2476 1638 id

297 1684 487 1743 genus
522 1668 759 1744 proprie
792 1685 913 1724 non
938 1668 1256 1744 pertinent,
1291 1669 1465 1726 annis
1494 1661 1721 1743 695s59
1751 1672 1810 1726 et
1836 1662 2066 1744 696l58
2096 1664 2478 1726 attribuenda

300 1754 437 1811 sint.
505 1754 571 1809 in
614 1749 775 1810 idem
825 1757 1022 1810 autem
1070 1758 1300 1829 tempus
1342 1750 1426 1809 M.
1476 1750 1668 1812 Caelii
1708 1750 1849 1810 Rufi
1892 1771 2025 1811 cum
2070 1749 2284 1811 Clodia
2334 1772 2475 1830 qua-

298 1835 602 1894 drantaria
652 1854 909 1895 amorem
957 1835 1219 1896 incidere
1272 1856 1450 1913 supra
1500 1839 2093 1896 commemoravimus.
2161 1840 2248 1895 ita
2299 1856 2474 1915 quae-

299 1939 548 1998 cumque
583 1920 656 1981 de
685 1919 934 1980 Clodiae
967 1928 1027 1980 et
1059 1920 1289 1980 Metelli
1322 1924 1451 1979 vita
1484 1941 1553 1980 ac
1587 1921 1830 1980 fortuna
1861 1928 2158 2000 comperta
2190 1921 2477 1980 habemus

299 2009 627 2065 sententiae
677 2013 913 2066 nostrae
964 2005 1277 2082 suffragari
1327 2006 1513 2065 vides.
1579 2009 1957 2084 pervenimus
2009 2012 2206 2065 autem
2252 2009 2319 2064 in
2362 2006 2476 2064 hac

296 2110 479 2170 quam
530 2089 605 2150 de
656 2100 917 2170 tempore
959 2094 1173 2149 amoris
1217 2087 1541 2153 Catulliani
1595 2093 1957 2149 instituimus
2000 2093 2345 2168 quaestione
2395 2090 2476 2149 ad

298 2174 550 2235 eandem
597 2175 808 2235 iudicii
858 2195 1143 2234 summam
1193 2183 1372 2252 atque
1415 2174 1760 2233 Schwabius
1812 2195 1908 2254 qu.
1964 2175 2091 2234 Cat.
2144 2195 2199 2252 p.
2248 2175 2369 2234 133
2407 2195 2474 2248 s.‚

299 2281 656 2341 quamquam
690 2261 825 2319 aliis
858 2278 1080 2335 magna
1122 2277 1199 2318 ex
1240 2267 1409 2336 parte
1452 2263 1814 2335 argumentis
1848 2259 2085 2339 aliaque
2128 2259 2474 2339 disputandi

292 2349 401 2405 via
441 2350 538 2404 usi
579 2364 795 2404 sumus.
868 2343 1078 2423 quodsi
1120 2346 1252 2422 quis
1302 2352 1562 2423 opponat
1591 2344 1776 2403 multo
1825 2344 2000 2423 plura
2042 2363 2170 2404 esse
2211 2349 2475 2409 carmina

296 2449 454 2510 quae
505 2428 808 2489 infelicem
859 2448 1038 2507 quam
1080 2447 1232 2507 quae
1280 2429 1515 2489 felicem
1565 2448 1823 2489 amorem
1866 2428 2090 2489 Catulli
2141 2430 2473 2505 ostendant,

291 2515 552 2596 ideoque
583 2514 692 2573 illa
724 2533 831 2594 per
863 2516 1053 2572 maius
1083 2516 1363 2593 temporis
1398 2518 1654 2595 spatium
1682 2513 2089 2575 distribuenda
2121 2514 2304 2576 fuisse
2339 2535 2472 2576 cen-

234 2675 239 2680 ·
296 2611 442 2674 seat,
491 2599 710 2660 idonea
753 2599 1022 2660 defensio
1066 2600 1142 2658 ab
1183 2603 1317 2678 ipsa
1359 2608 1573 2660 natura
1623 2601 1928 2660 hominum
1977 2604 2164 2679 petita
2206 2603 2476 2662 offertur:

296 2693 756 2746 consentaneum
798 2692 888 2746 est
930 2687 1088 2745 enim
1130 2693 1338 2763 poetae
1380 2685 1554 2765 lyrici
1593 2690 1902 2763 ingenium
1943 2686 2130 2745 multo
2173 2688 2477 2747 uberiores

294 2773 363 2830 in
397 2772 571 2838 rebus
608 2770 869 2831 adversis
906 2790 1084 2849 quam
1115 2773 1181 2828 in
1215 2770 1487 2830 secundis
1520 2771 1677 2831 fetus
1711 2770 1901 2832 edere.

425 2856 566 2916 Non
598 2857 848 2916 multum
887 2862 1024 2933 post
1057 2854 1405 2914 dissolutum
1448 2875 1582 2915 cum
1619 2853 1833 2914 Clodia
1875 2854 2099 2928 foedae,
2142 2873 2287 2915 vere
2328 2860 2474 2915 anni

300 2937 549 3018 697s57,
580 2940 847 3001 Catullus
884 2961 1017 3000 cum
1042 2939 1108 3000 C.
1136 2941 1414 3000 Memmio
1449 2948 1829 3018 propraetore
1862 2943 1927 2998 in
1960 2941 2308 3018 Bithyniam
2341 2961 2473 3019 pro-

293 3029 560 3086 vinciam
607 3027 903 3105 profectus
947 3033 1052 3085 est.
1122 3044 1316 3105 neque
1365 3028 1522 3085 enim
1570 3024 1695 3084 ullo
1745 3023 1922 3083 modo
1970 3032 2165 3102 potest
2215 3024 2474 3085 dubitari

296 3114 448 3190 quin
500 3109 835 3170 ‘Memmius
886 3109 1165 3188 praetor’,
1219 3112 1384 3168 cuius
1434 3111 1500 3168 in
1547 3113 1726 3189 istam
1784 3113 2151 3187 provinciam
2203 3109 2479 3170 abeuntis

297 3198 572 3256 comitem
604 3194 786 3254 fuisse
820 3203 1056 3273 poetam
1089 3196 1350 3254 carmina
1374 3194 1661 3255 XXVIII
1695 3202 1754 3255 et
1775 3195 1841 3253 X
1864 3198 2022 3254 inter
2055 3214 2119 3255 se
2152 3204 2474 3275 conparata

298 3280 531 3352 docent,
583 3278 745 3338 idem
798 3283 874 3338 sit
925 3287 1101 3359 atque
1154 3278 1341 3339 Graius
1393 3279 1496 3339 ille
1545 3280 1860 3340 Memmius
1910 3280 1981 3338 L.
2034 3279 2073 3338 f.
2129 3279 2272 3341 olim
2321 3281 2481 3341 falso

299 3368 653 3443 cognomine
688 3363 1038 3423 ‘Gemellus’
1078 3363 1406 3443 adpellatus
1441 3362 1620 3441 (conf.
1653 3366 2013 3442 Borghesius
2047 3385 2139 3444 op.
2173 3365 2228 3439 Ι,
2261 3386 2319 3445 p.
2350 3367 2472 3425 152

299 3472 433 3510 cum
467 3449 667 3509 adnot.
705 3449 818 3507 Th.
855 3451 1206 3508 Mommseni
1251 3458 1311 3508 et
1341 3450 1440 3509 hic
1473 3453 1602 3527 ipse
1642 3454 1710 3509 in
1751 3451 1906 3510 libro
1943 3450 2326 3511 ‘Geschichte
2368 3450 2481 3511 des

299 3543 441 3594 rom.
469 3534 925 3606 Miinzwesens’,
961 3554 1017 3611 p.
1049 3534 1192 3607 597,
1228 3541 1346 3593 not.
1385 3533 1552 3611 389),
1588 3554 1766 3615 quem
1800 3556 1851 3594 a.
1881 3528 2109 3614 696s58
2144 3544 2475 3615 praetorem

300 3620 483 3680 fuisse
518 3623 731 3680 scimus
768 3616 947 3695 (conf.
975 3617 1319 3679 Schwabius
1355 3640 1450 3700 qu.
1481 3619 1609 3680 Cat.
1638 3641 1694 3699 p.
1727 3621 1845 3679 159
1875 3639 1920 3679 s.
1947 3619 2015 3677 P.
2035 3619 2480 3692 Wehrmannus

301 3705 433 3763 fast.
486 3713 735 3785 praetor.
789 3725 846 3783 p.
903 3701 1034 3780 62),
1098 3707 1210 3764 etsi
1261 3723 1395 3764 eum
1442 3708 1712 3784 proximo
1764 3725 1921 3765 anno
1971 3704 2321 3783 Bithyniam
2373 3704 2474 3763 ad—

301 3793 666 3850 ministrasse
708 3788 951 3849 aliunde
1001 3809 1123 3848 non
1174 3797 1379 3849 notum
1432 3798 1537 3850 est.
1614 3793 1721 3869 qui
1769 3811 1902 3849 cum
1949 3788 2161 3849 litteris
2212 3789 2482 3851 eruditus

303 3882 456 3934 esset
482 3873 660 3951 (conf.
683 3875 804 3936 Cic.
830 3876 995 3936 Brut.
1028 3872 1062 3948 ἓ
1091 3874 1241 3950 247)
1271 3883 1330 3933 et
1363 3876 1631 3935 versibus
1657 3893 1889 3955 quoque
1921 3874 2213 3935 faciendis
2237 3894 2480 3954 operam

304 3958 471 4018 daret
497 3956 675 4035 (conf.
705 3959 882 4021 Ovid.
909 3964 1057 4019 trist.
1084 3960 1152 4018 H
1179 3961 1323 4018 433.
1358 3960 1516 4021 Plin.
1545 3964 1711 4040 epist.
1729 3960 1789 4020 V
1807 3963 1843 4018 3
1875 3959 1930 4018 5.
1960 3959 2113 4020 Gell.
2130 3960 2294 4019 XIX
2323 3962 2359 4019 9
2392 3960 2478 4037 7),

305 4042 505 4103 doctos
539 4046 956 4125 elegantesque
989 4044 1217 4124 aliquot
1249 4048 1495 4105 iuvenes
1528 4054 1597 4105 ut
1631 4064 1694 4106 se
1736 4048 2151 4105 comitarentur
2189 4049 2477 4106 invitasse

301 4127 557 4204 videtur,
604 4150 721 4210 quo
754 4135 940 4191 vitam
974 4134 1040 4189 in
1075 4138 1300 4189 remota
1333 4134 1640 4210 provincia
1683 4130 1800 4190 sibi
1834 4130 2156 4190 dulciorem
2188 4130 2477 4191 redderet.

276 4221 463 4275 -eerte
511 4224 742 4294 praeter
790 4224 1023 4296 poetam
1065 4216 1471 4277 Veronensem
1520 4220 1702 4277 etiam
1748 4214 1815 4278 C.
1858 4216 2113 4277 Helvius
2166 4216 2361 4277 Cinna
2411 4219 2485 4275 in
