3225 5171
856 396 941 462 14

755 1533 915 1631 10¹

754 2044 823 2098 15

752 2511 823 2567 20

752 2979 823 3036 25

1711 407 2051 466 CATULLI

1657 667 1662 670 γ
1725 599 2008 663 XXIII.

1151 719 1330 795 Furi,
1366 718 1468 783 cui
1504 740 1714 802 neque
1751 742 1972 783 servus
2009 730 2105 784 est
2138 740 2345 802 neque
2382 741 2534 785 arca.

1151 834 1271 879 nec
1309 812 1513 877 cimex
1549 834 1755 895 neque
1793 835 2061 877 araneus
2097 833 2304 895 neque
2339 814 2525 899 ignis,

1154 928 1376 972 verum
1414 917 1510 970 est
1544 917 1608 971 et
1642 917 1824 990 pater
1859 917 1923 971 et
1956 928 2248 982 noverca,
2287 928 2562 990 quorum

1155 1001 1375 1065 dentes
1412 999 1515 1064 vel
1551 1000 1792 1070 silicem
1830 1022 2113 1065 comesse
2149 1015 2433 1084 possunt,

1154 1104 1253 1159 est
1285 1095 1502 1179 pulcre
1538 1093 1655 1157 tibi
1691 1116 1837 1158 cum
1874 1103 1983 1158 tuo
2018 1104 2279 1179 parente

1154 1199 1219 1253 et
1254 1210 1401 1253 cum
1437 1189 1709 1271 coniuge
1744 1188 1958 1273 lignea
1992 1188 2291 1272 parentis.

1155 1304 1276 1346 nec
1310 1282 1568 1346 mirum:
1617 1282 1779 1345 bene
1816 1305 1963 1344 nam
2001 1282 2222 1345 valetis
2258 1303 2500 1361 omnes,

1155 1376 1372 1461 pulcre
1416 1375 1827 1457 concoquitis‚
1861 1374 2017 1438 nihil
2053 1375 2304 1452 timetis,

1154 1491 1282 1533 non
1318 1467 1630 1544 incendia,
1667 1490 1793 1532 non
1830 1490 2059 1553 graves
2097 1469 2330 1546 ruinas,

1153 1584 1281 1626 non
1317 1561 1488 1630 furta
1519 1562 1715 1647 inpia,
1754 1584 1881 1626 non
1918 1562 2093 1625 dolos
2132 1564 2378 1640 veneni,

1152 1678 1281 1721 non
1317 1678 1500 1721 casus
1537 1657 1694 1720 alios
1731 1657 2173 1741 periculorum.

1157 1749 1333 1833 atqui
1369 1772 1634 1835 corpora
1670 1750 1934 1814 sicciora
1969 1771 2163 1813 cornu

1155 1855 1268 1908 aut
1301 1843 1511 1927 siquid
1547 1844 1752 1928 magis
1788 1843 2036 1907 aridum
2074 1853 2170 1907 est
2204 1842 2458 1907 habetis

1155 1938 1289 2002 sole
1324 1950 1387 2003 et
1422 1938 1659 2022 frigore
1695 1949 1758 2002 et
1793 1936 2183 2006 essuritione.

1156 2053 1351 2115 quare
1387 2053 1513 2094 non
1551 2032 1668 2095 tibi
1703 2031 1783 2094 sit
1817 2031 1979 2095 bene
2015 2052 2090 2094 ac
2126 2030 2350 2094 beate?
2405 2079 2406 2082 η

1057 2168 1060 2173 -
1157 2148 1198 2189 a
1231 2136 1293 2189 te
1329 2125 1521 2189 sud'or
1555 2126 1753 2199 abest,
1793 2125 1974 2189 abest
2008 2124 2227 2198 saliva,

1156 2239 1509 2300 mucusque
1546 2229 1609 2282 et
1643 2218 1812 2282 mala
1845 2217 2073 2303 pituita
2105 2216 2262 2280 nasi.

1162 2311 1327 2375 hanc
1363 2312 1443 2374 ad
1477 2311 1852 2376 munditiem
1890 2311 2052 2375 adde
2089 2308 2508 2386 mundiorem,

1156 2405 1329 2487 quod
1365 2406 1542 2469 culus
1579 2404 1697 2469 tibi
1732 2405 1948 2490 purior
1982 2404 2261 2480 salillost,

1154 2520 1276 2563 nec
1312 2510 1443 2562 toto
1481 2499 1689 2563 decies
1726 2520 1909 2563 cacas
1945 2497 2011 2561 in
2048 2520 2234 2573 anm,

1156 2602 1345 2676 atque
1380 2593 1446 2657 id
1481 2593 1700 2656 durius
1739 2603 1834 2658 est
1868 2593 2019 2656 saba
2054 2604 2118 2658 et
2152 2591 2405 2677 lapillis,

1154 2687 1327 2769 quod
1363 2698 1431 2750 tu
1469 2687 1522 2750 si
1557 2686 1851 2750 manibus
1887 2697 2053 2751 teras
2090 2686 2424 2768 fricesque,

1153 2801 1284 2844 non
1320 2802 1625 2864 umquam
1659 2780 1928 2866 digitum
1962 2779 2294 2862 inquinare
2331 2778 2553 2864 possis·

1154 2873 1314 2938 haec
1349 2884 1419 2940 tu
1455 2874 1787 2939 commoda
1822 2884 1952 2937 tam
1989 2873 2192 2947 beata,
2228 2873 2401 2947 Furi,

1156 2968 1285 3032 noli
1322 2980 1619 3053 spernere
1653 2989 1772 3032 nec
1806 2978 2031 3052 putare
2065 2967 2267 3053 parvi,
2312 2953 2329 2969 ’

1158 3071 1221 3127 et
1257 3063 1543 3126 sestertia
1577 3083 1742 3144 quae
1778 3062 1942 3126 soles
1976 3061 2222 3146 precari

1156 3166 1412 3221 centum
1448 3155 1694 3221 desine:
1731 3178 1881 3219 nam
1917 3166 2015 3218 sat
2051 3178 2118 3220 es
2154 3154 2398 3229 beatus.

1742 3503 2009 3570 XXIV.

1117 3621 1181 3688 Ο
1219 3623 1329 3706 qui
1363 3623 1664 3688 flosculus
1702 3646 1769 3688 es
1804 3623 2260 3699 Iuventiorum,

1115 3739 1245 3781 non
1280 3717 1505 3785 horum
1541 3717 1751 3793 mod0,
1790 3717 1903 3783 sed
1936 3726 2093 3799 quot
2128 3727 2239 3779 aut
2276 3714 2533 3779 fuerunt
2577 3752 2590 3783 ε

1113 3822 1227 3877 aut
1260 3810 1525 3895 posthac
1563 3811 1701 3875 aliis
1739 3820 1921 3875 erunt
1956 3811 2022 3874 in
2059 3810 2261 3885 annis,

1115 3905 1373 3970 mallem
1409 3904 1662 3969 divitias
1697 3905 1920 3968 Midae
1957 3903 2237 3968 dedisses
2479 3982 2482 3985 Ι

1121 3998 1225 4063 isti
1261 3998 1411 4081 quoi
1444 4019 1653 4081 neque
1690 4020 1909 4064 servus
1945 4008 2041 4061 est
2075 4018 2283 4081 neque
2319 4017 2483 4069 arca,

1117 4113 1309 4174 quam
1347 4091 1437 4156 sic
1472 4102 1534 4156 te
1570 4092 1808 4157 sineres
1844 4092 1926 4155 ab
1961 4091 2069 4154 illo
2106 4090 2323 4155 amari.

1115 4186 1292 4269 ‘quiP
1336 4207 1463 4249 non
1499 4196 1594 4249 est
1628 4184 1819 4249 homo
1858 4183 2126 4249 bellus?
2165 4184 2431 4267 inquies,
2504 4191 2635 4245 est:
