3225 5171
729 499 923 542 xcvm
1582 488 2046 541 ⁴‘mzoms&coruum

731 640 868 679 eum
902 625 1095 678 aetate
1129 619 1368 691 vixisse,
1414 638 1533 698 qua
1574 621 1900 696 perexigua
1936 626 2088 678 esset
2121 638 2316 678 rerum
2352 618 2428 677 ad
2463 622 2649 678 vitam
2688 617 2912 678 Catulli

730 707 1151 784 pertinentium
1199 705 1410 762 notitia
1452 710 1971 781 poematorumque
2017 707 2143 763 eius
2186 703 2613 779 intellegentia,
2659 722 2737 763 ex
2778 708 2914 782 ipsa

733 789 958 849 ordinis
1003 808 1202 847 eorum
1245 791 1628 866 perversitate
1662 789 1962 847 Brunerus
1997 810 2053 868 p.
2092 790 2216 847 610
2251 792 2458 848 merito
2496 788 2751 865 collegit,
2799 809 2912 849 nec

729 875 1182 952 inprobabiliter
1223 873 1380 932 idem
1424 872 1673 932 fortasse
1708 873 1873 932 illum
1908 874 2184 934 Veronae
2217 874 2401 933 fuisse
2438 877 2767 952 suspicatus
2804 883 2908 948 est,

732 964 899 1019 cuius
936 958 1142 1037 oppidi
1175 962 1335 1018 cives
1384 961 1563 1017 etiam
1595 957 1792 1017 medio
1839 958 1998 1038 quod
2035 959 2251 1018 dicitur
2285 978 2432 1018 aevo
2466 959 2909 1037 perpetuandae

730 1044 1036 1126 popularis
1087 1051 1299 1123 poetae
1349 1045 1667 1103 memoriae
1716 1046 2091 1122 prospexisse
2154 1044 2342 1103 codex
2396 1043 2770 1104 Catullianus
2819 1045 2909 1104 ibi

736 1131 875 1190 olim
911 1129 1272 1200 adservatuS,
1311 1148 1389 1188 ex
1424 1148 1540 1209 quo
1577 1147 1782 1188 omnes
1816 1132 2003 1188 nostri
2038 1129 2355 1202 fluxerunt,
2392 1133 2560 1188 testis
2596 1136 2700 1189 est.

858 1217 1042 1275 Venit
1085 1213 1403 1293 disputatio
1440 1232 1509 1272 eo
1545 1223 1611 1272 ut
1658 1213 1732 1273 de
1774 1213 1944 1273 libris
1978 1234 2160 1273 manu
2194 1217 2427 1292 scriptis
2461 1234 2568 1293 per
2602 1234 2750 1293 quos
2785 1235 2907 1274 car-

730 1305 896 1360 mina
932 1299 1155 1359 Catulli
1198 1298 1369 1357 nobis
1406 1305 1543 1358 sunt
1585 1297 1806 1357 tradita
1841 1318 2158 1379 eorumque
2194 1301 2423 1376 origine
2460 1298 2776 1359 dicendum
2812 1303 2903 1358 sit.

727 1389 915 1463 igitur
968 1392 1189 1444 certum
1243 1392 1332 1442 est
1393 1383 1628 1442 saeculo
1690 1383 1917 1443 decimo
1968 1385 2241 1444 Veronae
2299 1387 2553 1443 iacuisse
2604 1384 2912 1462 exemplar

727 1472 937 1530 horum
989 1472 1329 1528 carminum.
1420 1487 1675 1546 namque
1745 1489 1799 1527 a.
1857 1470 1976 1527 965
2032 1470 2365 1541 RatheriuS,
2420 1472 2729 1548 episcopus
2780 1477 2906 1528 tum

727 1557 1105 1626 VeronensiS,
1142 1557 1209 1612 in
1247 1572 1513 1612 sermone
1547 1553 1623 1612 de
1656 1555 1850 1612 Maria
1886 1563 1945 1613 et
1977 1554 2214 1613 Martha
2256 1554 2459 1613 habito
2496 1573 2623 1614 sese
2659 1554 2907 1614 Catul-

726 1641 868 1699 lum
914 1658 1287 1718 numquam
1329 1645 1541 1697 antea
1581 1638 1840 1698 lectum
1882 1638 2083 1715 legere
2129 1638 2454 1699 confitetur.
2524 1639 2645 1699 vid.
2681 1640 2906 1716 Mignii

728 1725 1014 1806 patrolog.
1051 1724 1250 1782 Latin.
1286 1730 1329 1782 t.
1366 1724 1715 1796 CXXXVI,
1761 1724 1866 1782 ubi
1900 1724 2169 1784 Ratherii
2204 1743 2382 1803 opera
2425 1724 2747 1784 secundum
2782 1724 2906 1783 edi-

725 1814 949 1875 tionem
985 1810 1386 1869 Veronensem
1429 1829 1467 1866 a
1510 1808 1793 1867 fratribus
1828 1809 2167 1868 Balleriniis
2214 1817 2477 1868 curatam
2514 1809 2706 1868 denuo
2740 1813 2907 1888 typis

729 1899 995 1974 excripta
1038 1901 1259 1967 extant,
1304 1915 1361 1973 p.
1403 1894 1543 1966 752,
1590 1901 1652 1952 et
1698 1892 1773 1952 de
1805 1902 2067 1973 tempore
2100 1895 2262 1953 illius
2296 1897 2581 1954 sermonis
2615 1894 2906 1953 Albrech-

726 1990 853 2039 tum
895 1980 1214 2056 Vogelium
1257 1982 1323 2037 in
1365 1978 1507 2037 libri
1552 1978 1627 2038 de
1659 1978 1939 2038 Ratherio
1984 1980 2168 2038 Ienae
2203 2000 2254 2038 a.
2296 1980 2461 2038 1854
2509 1979 2653 2038 editi
2697 1978 2813 2039 vol.
2851 1980 2903 2053 I,

725 2088 784 2145 p.
825 2068 947 2124 317
967 2085 1041 2124 33.
1079 2073 1139 2124 et
1170 2065 1255 2136 II,
1300 2085 1357 2142 p.
1397 2065 1476 2122 87
1498 2083 1570 2122 33.
1642 2083 1837 2143 neque
1869 2063 1992 2123 ullo
2026 2064 2201 2144 modo
2236 2073 2428 2143 potest
2463 2063 2723 2123 dubitari
2758 2066 2904 2142 quin

725 2151 1040 2215 Ratherius
1095 2148 1358 2207 codicem
1408 2156 1619 2227 poetae
1671 2149 1788 2209 sibi
1837 2148 1913 2207 ad
1946 2148 2013 2207 id
2063 2152 2254 2226 ignoti
2304 2153 2371 2208 in
2423 2150 2555 2227 ipsa
2608 2169 2714 2208 sua
2765 2149 2905 2209 sede

726 2235 1049 2314 episcopali
1097 2236 1436 2312 reppererit.
1521 2254 1661 2292 nam
1714 2237 1818 2312 qui
1869 2234 1999 2294 fieri
2049 2238 2312 2312 potuisse
2364 2236 2594 2312 opinati
2647 2241 2786 2292 sunt
2836 2241 2903 2292 ut

726 2340 862 2380 eum
889 2339 922 2378 3
948 2319 1150 2378 Gallia
1175 2319 1272 2378 vel
1299 2318 1542 2378 aliunde
1570 2338 1769 2377 secum
1786 2319 2084 2379 Veronam
2110 2326 2371 2397 portaret
2400 2317 2579 2395 (conf.
2600 2320 2903 2396 Hauptius

726 2425 922 2484 opusc.
959 2404 1010 2476 I,
1046 2424 1103 2482 p.
1143 2407 1180 2462 2
1202 2423 1246 2462 3.
1282 2402 1528 2461 EUisius
1563 2402 1881 2480 prolegom.
1920 2404 2055 2463 edit.
2094 2404 2334 2464 alterius
2369 2425 2424 2483 p.
2462 2402 2630 2479 VII),
2674 2407 2797 2463 iam
2832 2420 2903 2464 eo

726 2490 1078 2550 refelluntur
1113 2487 1290 2567 quod,
1328 2508 1461 2547 cum
1494 2487 1811 2546 Ratherius
1853 2488 1994 2548 inde
2037 2489 2112 2548 ab
2160 2499 2327 2549 anno·
2354 2491 2473 2548 961
2515 2493 2755 2549 exeunti
2788 2497 2902 2550 ter-

723 2579 875 2635 tium
927 2581 1080 2635 esset
1134 2576 1444 2653 episcopus
1487 2573 1866 2647 Veronensis,
1925 2573 2378 2654 quadriennium
2422 2575 2696 2636 Veronae
2748 2595 2902 2634 com-

724 2669 982 2721 moratus
1037 2660 1232 2719 dicere
1283 2660 1513 2739 nequiit
1566 2658 1863 2719 Catullum
1916 2680 2240 2739 numquam
2292 2668 2468 2720 antea
2519 2660 2634 2720 sibi
2683 2660 2902 2720 lectum

727 2766 872 2819 esse,
921 2754 988 2804 ut
1022 2752 1181 2805 recte
1225 2743 1532 2804 adnotavit
1565 2743 1855 2820 Vogelius
1888 2744 1925 2802 l.
1966 2765 2014 2803 c.
2050 2745 2099 2817 I,
2134 2766 2191 2823 p.
2231 2747 2371 2804 319.
2446 2754 2620 2826 atque
2656 2750 2903 2825 opponit

723 2832 1042 2892 Ratherius
1080 2829 1378 2890 Catullum
1413 2830 1631 2888 Plauto
1674 2833 1797 2887 iam
1834 2828 1973 2887 olim
2006 2830 2176 2889 lecto.
2248 2830 2353 2889 sed
2386 2838 2519 2910 post
2551 2830 2902 2890 Ratherium

726 2916 984 2994 exempli
1021 2914 1348 2975 Catulliani
1381 2934 1488 2993 per
1521 2921 1813 2973 trecentos
1847 2914 2101 2993 amplius
2136 2936 2323 2974 annos
2357 2916 2524 2975 nulla
2559 2915 2626 2973 fit
2658 2920 2899 2976 mentio.

706 3021 918 3081 ‘neque
961 3004 1087 3059 veri
1131 3001 1323 3059 simile
1368 3007 1456 3059 est
1488 3000 1802 3059 Ieremiam
1838 2998 2092 3059 iudicem
2129 3000 2203 3059 de
2236 3002 2657 3077 Montagnone,
2708 3005 2900 3061 civem

722 3087 1079 3146 Paduanum
1121 3105 1172 3145 a.
1222 3086 1403 3156 1300,
1457 3091 1525 3143 ut
1576 3084 1848 3156 creditur,
1902 3094 2222 3157 mortuum,
2279 3089 2382 3164 qui
2432 3088 2497 3144 in
2550 3086 2902 3164 compendio

723 3170 1037 3230 moralium
1107 3169 1459 3227 notabilium
1528 3177 1751 3248 septem
1819 3169 1978 3228 locos
2047 3170 2415 3229 Catullianos
2484 3171 2716 3229 attulit·
2751 3168 2897 3246 (vid.

632 3294 635 3298 -
722 3256 794 3314 R.
831 3255 1117 3333 Peiperus
1149 3254 1338 3312 libelli
1376 3254 1452 3312 de
1488 3253 1726 3313 Catullo
1762 3254 2160 3314 Vratislaviae
2195 3276 2247 3314 a.
2288 3255 2449 3314 1875
2488 3255 2633 3315 editi
2669 3277 2726 3335 p.
2748 3257 2832 3314 20
2849 3276 2894 3315 3.

723 3348 784 3399 et
815 3340 1065 3398 Ellisius
1098 3337 1138 3395 1.
1168 3358 1214 3397 3.
1249 3359 1307 3417 p.
1337 3335 1506 3414 Xs.),
1545 3357 1645 3397 eos
1681 3357 1757 3398 ex
1791 3341 2023 3415 integro
2060 3340 2258 3419 aliquo
2295 3340 2498 3400 codice
2539 3348 2749 3418 poetae
2783 3341 2899 3401 Ve-

721 3428 991 3484 ronensis
1035 3423 1317 3482 hausisse.
1397 3426 1577 3482 immo
1623 3424 1982 3484 Baehrensio
2028 3425 2478 3484 adsentiendum
2535 3434 2623 3484 est
2673 3425 2896 3504 proleg.

720 3531 778 3589 p.
815 3509 1029 3569 LVIII
1064 3511 1381 3568 conicienti
1424 3508 1558 3567 illos
1602 3527 1636 3568 e
1682 3509 1971 3586 florilegio
2018 3510 2273 3589 quodam
2315 3518 2621 3589 poetarum
2656 3510 2903 3570 Latino·

720 3617 852 3654 rum
889 3593 1226 3671 desumptos
1263 3612 1404 3653 3333.
1466 3596 1639 3653 initio
1677 3602 1872 3653 autem
1906 3594 2128 3653 saeculi
2164 3598 2359 3674 quarti
2393 3594 2605 3655 decimi
2641 3603 2744 3654 aut
2776 3616 2900 3655 non

719 3681 906 3739 multo
940 3686 1077 3758 post
1099 3679 1374 3739 Veronae
1407 3698 1606 3737 rursus
1645 3678 1834 3738 codex
1870 3683 2192 3738 carminum
2222 3680 2443 3740 Catulli
2478 3684 2758 3740 inventus
2794 3689 2899 3740 est.

720 3787 840 3846 qua
893 3765 966 3824 de
1018 3783 1084 3824 re
1128 3768 1403 3823 certiores
1446 3784 1555 3823 nos
1606 3763 1752 3823 facit
1795 3766 2159 3842 epigramma
2211 3765 2455 3825 secundi
2510 3766 2684 3824 huius
2729 3783 2904 3825 casus

721 3849 1059 3910 celebrandi
1109 3869 1287 3908 causa
1333 3851 1718 3928 conpositum,
1764 3848 1923 3927 quod
1969 3870 2101 3909 cum
2137 3869 2244 3929 per
2279 3851 2423 3909 alios
2459 3849 2684 3929 aliquot
2717 3850 2901 3909 libros

722 3934 946 3994 Catulli
998 3943 1127 3993 tum
1182 3954 1290 4012 per
1347 3934 1915 4010 Sangermanensem
1971 3935 2141 3994 nobis
2204 3943 2500 3995 servatum
2552 3942 2676 4008 est,
2730 3938 2902 4014 isque

723 4023 902 4078 etiam
937 4038 1143 4078 verum
1177 4026 1473 4078 auctorem
1509 4021 1681 4077 istius
1714 4022 1998 4097 poematii
2032 4023 2098 4078 in
2134 4023 2338 4098 paucis
2367 4022 2900 4079 recentissimorum

720 4103 989 4163 codicum
1015 4106 1216 4181 inepte
1235 4102 1503 4163 Guarino
1531 4103 1799 4161 attributi
1828 4103 2035 4163 adfert.
2082 4105 2263 4163 habet
2282 4107 2440 4163 enim
2462 4108 2525 4162 in
2553 4104 2672 4164 fine
2690 4105 2904 4164 haece:

859 4191 1074 4247 Versus
1109 4191 1319 4246 domini
1345 4190 1689 4245 Benevenuti
1722 4190 1791 4245 de
1818 4189 2191 4266 Campeoeanis
2226 4191 2295 4247 de
2333 4191 2585 4249 Vicentia
2612 4192 2681 4247 de
2714 4209 2904 4247 resur-

700 4277 957 4335 rectione
991 4272 1208 4333 Catulli
1228 4283 1433 4351 poetae
1477 4275 1827 4333 Veronensis·
