3225 5171
842 405 935 474 56
1697 375 2037 522 cAT0Ln1

736 565 810 619 25
843 548 976 614 sive
1013 548 1182 632 quod
1227 547 1398 632 inpia
1434 559 1630 613 mens‘
1650 569 1840 614 caeco
1875 549 2188 634 flagrabat
2221 572 2457 630 amore,

926 664 1040 706 seu
1076 641 1246 725 quod
1279 642 1449 706 iners
1485 641 1683 706 sterili
1717 642 1955 707 semine
1991 654 2178 708 natus
2213 655 2348 709 erat

840 745 905 801 et
938 736 1336 819 quaerendus
1370 735 1425 799 is
1459 736 1630 800 unde
1663 735 1830 801 foret
1863 737 2192 802 nervosius
2225 738 2406 816 illud,

924 830 1099 913 quod
1133 839 1347 915 posset
1378 851 1608 894 zonam
1644 829 1887 896 solvere
1923 831 2314 916 virgineam.'

840 924 1168 1009 egregium
1202 946 1420 988 narras
1462 923 1623 987 mira
1657 923 1893 1008 pietate
1927 935 2274 1009 parentem,

734 1033 806 1088 30
925 1018 1035 1100 qui
1069 1019 1207 1103 ipse
1242 1016 1340 1082 sui
1375 1017 1553 1102 gnati
1588 1017 1887 1082 minxerit
1919 1018 1985 1082 in
2021 1019 2351 1104 gremium.

842 1112 1046 1194 ‘atqui
1082 1134 1210 1175 non
1232 1111 1452 1176 solum
1485 1111 1608 1175 hoc
1643 1133 1712 1175 se
1748 1110 1902 1175 dicit
1936 1112 2262 1196 cognitum
2295 1113 2532 1179 habere

924 1206 1146 1269 Brixia
1183 1204 1482 1290 Cycneae
1517 1206 1848 1289 supposita
1882 1206 2197 1291 speculae,

836 1300 1040 1364 flavus
1077 1321 1270 1382 quam
1305 1299 1481 1363 molli
1513 1300 1826 1383 percurrit
1858 1300 2118 1365 flumine
2153 1302 2375 1379 Mella,

921 1394 1139 1457 Brixia
1171 1394 1468 1458 Veronae
1500 1403 1707 1458 mater
1741 1404 1953 1457 amata
1986 1417 2187 1471 meae,

730 1502 802 1556 35
837 1487 949 1554 sed
985 1488 1063 1551 de
1098 1487 1431 1551 Postumio
1469 1497 1532 1550 et
1553 1485 1825 1562 ‚Corneli
1859 1497 2076 1552 narrat
2109 1510 2343 1565 amore,

921 1602 1065 1646 cum
1102 1580 1333 1663 quibus
1367 1580 1478 1644 illa
1512 1580 1751 1645 malum
1788 1579 1939 1645 fecit
1973 1581 2371 1647 adulterium.

835 1675 1061 1739 dixerit
1096 1674 1200 1738 hic
1235 1672 1460 1756 aliquis
1498 1674 1641 1756 ‘qui
1674 1685 1746 1737 tu
1779 1674 1995 1750 istaec,
2038 1674 2246 1748 ianua,
2283 1676 2468 1752 nosti,

920 1768 1024 1833 cui
1057 1788 1407 1850 numquam
1442 1766 1680 1830 domini
1712 1767 1929 1833 limine
1964 1769 2188 1834 abesse
2222 1769 2389 1846 licet,

832 1884 952 1928 nec
984 1861 1292 1947 populum
1330 1862 1706 1937 auscultare,
1743 1862 1857 1926 sed
1891 1861 1994 1927 hic
2030 1862 2264 1927 suffixa
2298 1863 2500 1949 tigillo

728 1968 801 2023 40
920 1967 1167 2020 tantum
1202 1956 1447 2040 operire
1485 1954 1649 2019 soles
1685 1967 1794 2019 aut
1831 1956 2073 2041 aperire
2109 1957 2431 2021 domum?’

835 2074 1023 2136 saepe
1058 2050 1233 2113 illam
1268 2049 1481 2113 audivi
1503 2049 1754 2113 -furtiva
1787 2071 1943 2115 voce
1977 2050 2341 2133 loquentem

919 2144 1118 2207 solam
1155 2165 1300 2207 cum
1335 2143 1578 2207 ancillis
1614 2142 1774 2207 haec
1809 2166 1926 2207 sua
1960 2144 2220 2228 flagitia,

832 2239 1086 2303 nomine
1123 2238 1435 2302 dicentem
1469 2258 1631 2320 quos
1668 2237 1964 2313 diximus,
1999 2248 2073 2301 ut
2104 2248 2253 2322 pote
2289 2260 2453 2321 quae
2488 2239 2576 2303 mi

920 2340 1202 2417 speraret
1232 2353 1352 2395 nec
1386 2331 1673 2415 linguam
1708 2353 1848 2396 esse
1882 2353 2000 2397 nec
2037 2332 2404 2396 auriculam.

727 2436 800 2496 45
835 2436 1162 2511 praeterea
1197 2424 1471 2492 addebat
1506 2425 1846 2507 quendam,
1883 2446 2073 2508 quem
2110 2425 2317 2491 dicere
2353 2426 2498 2491 nolo

917 2518 1192 2595 nomine,
1228 2540 1308 2582 ne
1342 2518 1521 2581 tollat
1552 2518 1748 2582 rubra
1784 2519 2136 2604 supercilia.

832 2614 1064 2698 longus
1097 2612 1288 2676 homo
1324 2623 1438 2687 est,
1475 2634 1740 2696 magnas
1777 2613 1927 2694 quoi
1961 2613 2102 2677 lites
2136 2613 2349 2678 intulit
2383 2614 2532 2678 011111

917 2707 1151 2771 falsum
1186 2705 1476 2770 mendaci
1510 2716 1730 2770 ventre
1763 2707 2207 2791 puerperium.'

1691 3146 2021 3214 LXVIII.

834 3265 1027 3348 Quod
1060 3266 1214 3330 mihi
1248 3265 1505 3331 fortuna
1539 3288 1816 3349 casuque
1852 3289 2191 3352 oppressus
2227 3267 2455 3332 acerbo

916 3361 1337 3444 conscriptum
1371 3359 1492 3423 hoc
1527 3360 1801 3424 lacrimis
1836 3361 2030 3424 mittis
2064 3361 2442 3445 epistolium,

828 3454 1211 3537 naufragum
1244 3464 1314 3517 ut
1351 3454 1619 3518 eiectum
1658 3454 2095 3538 spumantibus
2133 3455 2423 3538 aequoris
2460 3455 2644 3520 undis

913 3548 1245 3614 sublevem
1273 3557 1337 3612 et
1373 3570 1411 3612 a
1442 3548 1665 3612 mortis
1700 3547 1914 3612 limine
1950 3548 2295 3623 restituam,

758 3657 795 3709 5
829 3661 1019 3723 quem
1055 3662 1264 3724 neque
1299 3654 1517 3706 sancta
1551 3643 1773 3708 Venus
1809 3640 1984 3704 molli
2018 3641 2414 3725 requiescere
2447 3663 2668 3707 somno
2767 3646 2772 3650 ’

911 3734 1227 3798 desertum
1261 3734 1327 3798 in
1362 3735 1525 3799 lecto
1561 3734 1801 3799 caelibe
1837 3736 2204 3819 perpetitur,

822 3849 940 3893 nec
975 3838 1261 3892 veterum
1298 3827 1467 3893 dulci
1503 3829 1880 3913 scriptorum
1916 3828 2193 3893 carmine
2228 3850 2446 3893 musae

907 3920 1247 3996 oblectant,
1283 3942 1428 3985 cum
1463 3943 1646 3985 mens
1683 3922 1870 3986 anxia
1905 3922 2259 4006 pervigilat,

819 4013 888 4078 id
921 4026 1175 4098 gratum
1212 4025 1309 4080 est
1342 4013 1517 4091 mihi,
1553 4038 1656 4080 me
1691 4015 1991 4098 quoniam
2027 4015 2141 4078 tibi
2179 4016 2334 4080 dicis
2371 4014 2665 4092 amicum,

714 4122 787 4176 10
903 4129 1293 4191 muneraque
1329 4120 1392 4173 et
1426 4132 1752 4173 musarum
1788 4109 1934 4174 hinc
1969 4110 2129 4195 petis
2165 4121 2229 4174 et
2263 4109 2561 4173 Veneris:

818 4200 930 4266 sed
968 4201 1081 4265 tibi
1115 4225 1197 4267 ne
1232 4226 1378 4270 mea
1413 4203 1537 4267 sint
1571 4203 1794 4288 ignota
1826 4203 2247 4281 incommoda,
2284 4203 2489 4279 Mani,
