3225 5171
1179 446 1635 491 PROLEGOMENA
2339 449 2500 491 LXXV

319 567 510 626 tentia
544 566 609 622 in
646 562 919 643 Sapphus
966 564 1294 641 fragmento
1333 566 1410 623 95
1456 568 1763 644 reperitur,
1808 566 1859 622 si
1902 563 2141 643 quidem
2183 572 2340 625 recte
2383 566 2496 639 hic,

319 660 389 709 ut
422 659 714 746 putamuS,
761 648 1107 725 Bergkius
1089 670 1154 707 m
1191 649 1449 709 editione
1483 659 1694 729 quarta
1729 651 1961 728 scripsit
1994 646 2268 724 Fs'onsps,
2304 646 2502 710 πάντα

323 730 532 816 φέρων,
579 726 693 791 ὅσα
739 729 1004 813 φαίνολις
1045 728 1312 793 ἐσκε’δασ’
1346 755 1514 805 αυως,
1557 765 1642 775 -·
1675 767 1763 776 -
1795 767 1879 777 -
1915 729 2109 813 φέρεις
2144 726 2262 792 ἄπυ
2296 732 2501 812 ματέρι

321 822 525 878 παῖδα.
583 819 814 891 deinde,
854 819 1349 897 quemadmodum
1375 820 1629 879 Latinus
1664 827 1838 898 poeta
1871 840 1928 877 v.
1961 821 2037 878 26
2077 822 2321 879 iuvenes
2357 822 2501 880 facit

321 905 725 966 exclamantes
780 904 1098 982 ‘Hespere,
1162 906 1266 983 qui
1318 904 1480 964 caelo
1531 904 1691 963 lucet
1737 903 2049 963 iucundior
2108 905 2352 981 ignis?,’
2417 909 2500 964 sic

320 990 575 1050 Aeolica
624 991 851 1068 poetria
894 989 1229 1067 Hesperum
1280 991 1517 1049 vocavit
1568 988 1825 1048 siderum
1871 992 2135 1047 omnium
2180 990 2502 1068 pulcherri-

321 1095 484 1134 mum
521 1071 615 1149 (fr.
656 1074 822 1148 133).
900 1082 1025 1131 tum
1070 1076 1517 1153 conparationes
1563 1074 1703 1133 illae
1746 1076 1810 1133 in
1844 1095 1899 1132 v.
1938 1075 2189 1132 39—44
2225 1078 2501 1135 carminis

319 1159 652 1220 Catulliani
692 1157 854 1218 haud
897 1179 1144 1238 parvam
1189 1159 1411 1219 habent
1447 1179 1580 1218 cum
1620 1158 1893 1238 Sapphus
1938 1159 2285 1236 fragmentis
2324 1162 2403 1218 93
2442 1169 2503 1220 et

326 1247 408 1303 94
445 1243 908 1303 similitudinem.
978 1263 1089 1304 nec
1084 1246 1322 1347 inepte
1358 1244 1462 1302 illa
1495 1263 1650 1323 quae
1684 1265 1741 1302 v.
1781 1246 1859 1301 27
1881 1264 1926 1303 s.
1956 1252 2014 1303 et
2043 1246 2119 1301 61
2143 1266 2186 1304 s.
2225 1245 2501 1304 dicuntur

325 1350 460 1389 cum
502 1329 703 1389 verbis
734 1323 1030 1403 Λώσομεν,
1078 1320 1173 1405 ἦσι
1215 1323 1411 1405 πάτηρ
1457 1326 1555 1403 (fr.
1595 1326 1702 1404 97)
1747 1347 2159 1408 conponemus.
2244 1330 2502 1410 denique

322 1415 579 1474 Lesbiae
619 1416 879 1493 poetriae
931 1413 1310 1492 epithalamia
1353 1423 1470 1486 aut,
1527 1422 1594 1471 ut
1628 1416 1855 1472 cautius
1900 1413 2229 1493 loquamur,
2273 1425 2501 1494 partem

322 1520 527 1560 eorum
572 1502 834 1558 carmina
876 1499 1193 1558 amoebaea
1235 1499 1417 1558 fuisse
1465 1517 1499 1557 e
1543 1520 1665 1557 non
1710 1498 1891 1557 nullis
1938 1498 2285 1575 fragmentis
2323 1501 2502 1559 confi-

323 1585 534 1645 denter
565 1584 704 1643 licet
740 1583 1031 1661 colligere.
1103 1583 1289 1643 veluti
1332 1583 1806 1662 petulantissima
1840 1583 1946 1641 illa
1980 1582 2054 1642 de
2092 1584 2334 1644 custode
2371 1586 2500 1644 tha-

325 1670 470 1728 lami
497 1669 566 1728 fr.
598 1671 676 1728 98
714 1689 836 1727 non
860 1675 1107 1747 possunt
1138 1675 1295 1729 recte
1323 1669 1606 1745 intellegi,
1645 1671 1764 1727 nisi
1797 1670 1862 1727 in
1894 1670 2152 1728 carmine
2181 1688 2256 1729 ex
2285 1690 2401 1749 quo
2440 1671 2501 1729 hi

324 1774 530 1814 versus
570 1753 815 1813 delibati
851 1762 987 1812 sunt
1021 1753 1262 1812 chorum
1297 1753 1630 1831 puellarum
1667 1773 1799 1811 cum
1834 1773 2147 1831 puerorum
2177 1755 2351 1814 choro
2383 1775 2502 1814 cer-

327 1842 551 1898 tavisse
597 1841 896 1911 sumimus,
941 1838 1120 1918 idque
1164 1838 1473 1898 subolebat
1515 1839 1819 1897 Demetrio
1863 1831 1996 1915 περὶ
2041 1834 2235 1914 ἑρμην.
2283 1862 2338 1919 p.
2378 1842 2499 1899 299

325 1925 430 2003 Sp.
505 1931 565 1982 et
607 1926 671 1981 in
711 1923 923 2000 fragm.
962 1925 1041 1981 95
1088 1926 1138 1982 si
1181 1924 1485 2002 Hesperus
1536 1925 1711 1981 matri
1763 1921 1980 1981 dicitur
2030 1923 2214 1981 filiam
2259 1927 2500 2002 eripere,

322 2011 461 2088 quis
489 2009 732 2085 negabit
757 2009 912 2066 hanc
939 2027 1064 2067 esse
1090 2008 1413 2087 querellam
1441 2007 1790 2086 puellarum,
1827 2007 1906 2065 ad
1931 2026 2109 2087 quam
2144 2012 2313 2085 pueri
2337 2030 2505 2086 prae-

327 2092 582 2152 dicando
640 2093 847 2153 eodem
909 2092 1099 2152 sidere
1158 2091 1607 2170 responderint?
1696 2094 1934 2151 omnino
1997 2101 2193 2151 autem
2244 2096 2502 2154 maxime

324 2186 570 2238 actuosa
602 2177 786 2238 fuisse
822 2177 1098 2255 Sapphus
1134 2176 1519 2255 epithalamia
1563 2176 1921 2254 colloquium
1955 2176 2106 2235 illud
2143 2177 2505 2238 demonstrat

327 2265 484 2323 inter
522 2284 800 2342 sponsam
836 2271 895 2321 et
927 2263 1335 2338 virginitatem
1368 2263 1705 2320 institutum
1739 2264 1803 2320 in
1839 2261 1909 2319 fr.
1950 2263 2089 2319 109.
2159 2264 2361 2342 itaque
2394 2285 2501 2343 pro

322 2348 636 2427 explorato
679 2346 1018 2407 habendum
1055 2354 1143 2405 est
1179 2344 1478 2405 Catullum
1527 2348 1803 2406 carminis
1837 2346 2023 2405 LXII
2057 2354 2116 2407 et
2158 2347 2408 2407 formam
2445 2358 2505 2409 et

322 2439 743 2509 argumentum
787 2453 824 2491 a
857 2431 1099 2510 Sappho
1145 2438 1476 2491 mutuatum
1519 2451 1663 2492 esse.
1750 2430 1988 2491 videtur
2030 2441 2227 2491 autem
2262 2436 2346 2493 ita
2379 2454 2505 2494 rem

325 2519 654 2577 instituisse
687 2524 753 2575 ut
785 2516 958 2576 modo
985 2516 1315 2594 religiosius
1343 2516 1640 2577 Graecum
1676 2516 1978 2597 exemplar
2002 2517 2289 2593 redderet,
2327 2520 2502 2579 modo

324 2624 432 2664 suo
487 2605 676 2680 magis
731 2602 975 2663 consilio
1028 2611 1303 2663 uteretur.
1384 2606 1466 2662 sic
1511 2602 1671 2682 quod
1714 2603 2047 2681 Hesperum
2099 2625 2136 2662 a
2187 2606 2503 2665 iuvenibus

326 2689 779 2768 virginibusque
831 2708 1006 2767 super
1040 2688 1300 2767 Olympo
1345 2697 1405 2747 et
1439 2687 1592 2747 Oeta
1642 2688 1939 2747 montibus
1995 2691 2257 2767 conspici
2308 2690 2501 2765 finxit,

326 2773 440 2832 hoc
476 2793 611 2833 eum
645 2783 712 2832 ut
744 2773 1042 2832 hominem
1068 2775 1402 2832 Romanum
1436 2793 1560 2832 non
1593 2772 1888 2831 facturum
1923 2773 2104 2833 fuisse
2132 2773 2502 2850 arbitramur,

328 2860 444 2918 nisi
480 2858 638 2918 idem
682 2858 842 2938 apud
876 2858 1114 2937 Sappho
1160 2860 1526 2938 repperisset.
1598 2857 1703 2917 sed
1747 2878 1868 2916 non
1901 2876 2010 2936 per
2041 2864 2231 2917 totum
2266 2880 2504 2920 carmen

325 2942 632 3002 Catullum
685 2946 863 3003 anxie
914 2945 1180 3020 vestigiis
1233 2947 1361 3004 eius
1403 2945 1735 3019 ingressum
1779 2960 1906 3001 esse
1949 2944 2113 3021 ipsae
2165 2943 2306 3003 illae
2348 2946 2503 3005 inter

325 3035 641 3105 utrumque
667 3027 1080 3088 similitudines
1107 3049 1255 3107 quas
1282 3047 1461 3106 supra
1486 3027 1954 3103 significavimus
1991 3029 2131 3086 satis
2160 3028 2502 3089 ostendunt:

329 3113 712 3172 continentur
745 3114 902 3171 enim
943 3112 1289 3193 plerumque
1332 3114 1641 3171 sententiis
1675 3114 1966 3171 universis
2001 3131 2113 3171 nec
2146 3112 2223 3171 ad
2267 3114 2508 3191 singula

326 3197 536 3256 omnia
592 3198 903 3273 pertinent.
991 3216 1184 3277 neque
1235 3216 1376 3256 vero
1428 3196 1676 3275 pulchra
1734 3196 1842 3255 illa
1890 3199 2141 3274 virginis
2195 3218 2327 3257 cum
2380 3202 2503 3259 vite

333 3283 677 3360 conparatio
714 3299 867 3359 quae
900 3280 1041 3340 inde
1075 3302 1112 3339 a
1145 3302 1202 3340 v.
1240 3284 1319 3340 49
1357 3284 1565 3360 incipit
1606 3289 1800 3360 potest
1844 3290 2116 3342 accurate
2151 3301 2226 3341 ex
2262 3282 2503 3362 Sappho

330 3385 613 3446 expressa
649 3384 791 3424 esse.
864 3385 1217 3444 quamquam
1252 3368 1408 3425 enim
1441 3387 1563 3425 non
1596 3375 1755 3426 recte
1787 3366 2139 3426 Leutschius
2167 3365 2354 3444 (Gott.
2386 3370 2501 3445 gel.

330 3451 486 3511 Anz.
530 3450 714 3523 1855,
747 3469 802 3528 p.
844 3447 1033 3525 1992)
1068 3451 1264 3527 Longi
1290 3452 1358 3511 Π
1388 3454 1419 3508 1
1459 3454 1796 3511 testimonio
1834 3447 2085 3511 confisus
2128 3454 2192 3510 in
2229 3452 2503 3531 Sapphus

333 3538 528 3615 patria
576 3537 727 3594 vites
773 3534 1075 3593 arboribus
1120 3534 1443 3633 adplicatas
1488 3555 1615 3596 esse
1668 3538 1904 3595 omnino
1956 3538 2201 3613 negavit
2234 3570 2317 3579 -—
2354 3558 2506 3617 quae

331 3623 535 3699 opinio
569 3619 859 3679 refellitur
891 3620 1073 3678 verbo
1109 3612 1483 3694 οἶμαμοίξυδες
1518 3620 1602 3684 ab
1630 3620 1736 3679 illa
1768 3630 2047 3721 usurpato
2084 3620 2176 3696 (fr.
2218 3621 2367 3697 150)
2403 3655 2504 3697 —-,

334 3714 533 3765 tamen
566 3725 772 3765 verum
807 3713 896 3763 est
930 3704 1090 3783 apud
1114 3704 1361 3765 Lesbios
1394 3705 1698 3783 Asiaeque
1731 3707 1974 3764 minoris
2009 3706 2234 3765 incolas
2270 3706 2508 3767 solitum

336 3809 559 3849 morem
592 3790 751 3849 hunc
795 3789 977 3848 fuisse
1019 3797 1087 3848 ut
1127 3791 1278 3849 vites
1314 3789 1478 3849 nullo
1515 3789 1872 3850 adminiculo
1917 3790 2084 3849 humi
2116 3810 2321 3869 repere
2355 3795 2510 3853 sine-

336 3882 469 3934 rent
503 3872 631 3954 (qui
659 3894 785 3933 mos
815 3894 973 3934 nunc
999 3877 1065 3934 in
1091 3877 1250 3934 omni
1275 3875 1400 3934 fere
1430 3875 1682 3936 Graecia
1711 3874 2051 3952 obtinetur).
2105 3876 2256 3935 conf.
2278 3886 2510 3955 praeter

336 3960 614 4036 Longum
645 3960 683 4018 l.
722 3979 771 4017 c.
805 3960 996 4018 Varro
1031 3980 1141 4019 rer.
1179 3967 1319 4018 rust.
1355 3959 1390 4017 1
1426 3961 1463 4019 8
1502 3959 1628 4018 5Κ.
1699 3960 1772 4018 V.
1808 3960 2084 4020 Hehnius
2118 3963 2184 4019 in
2218 3961 2368 4022 libro
2405 3967 2512 4043 qui

336 4045 679 4104 inscribitur
722 4044 1247 4123 ‘Kulturpflanzen
1289 4043 1414 4103 und
1448 4044 1831 4105 Hausthiere'
1876 4066 1931 4124 p.
1971 4047 2049 4104 66
2071 4067 2114 4105 s.
2153 4055 2212 4106 et
2254 4049 2375 4107 469
2416 4048 2510 4108 ed.

339 4138 598 4207 quartae.
677 4131 895 4208 itaque,
938 4139 1005 4188 ut
1045 4133 1245 4206 imago
1288 4131 1428 4188 vitis
1474 4150 1606 4188 cum
1651 4130 1810 4189 ulmo
1855 4133 2203 4191 coniunctae
2246 4154 2368 4193 non
2410 4134 2514 4193 ab·

338 4214 539 4274 horret
582 4234 618 4272 a
661 4217 919 4274 carmine
955 4214 1273 4295 SapphicO,
1321 4216 1404 4275 sic
1448 4234 1519 4275 ea
1565 4234 1719 4295 quae
1759 4218 1825 4275 in
1867 4215 2028 4276 nudo
2075 4238 2215 4277 arvo
2251 4222 2515 4278 nascitur
