3225 5171
1128 438 1582 485 PROLEGOMENA
2344 438 2462 481 Lm

281 559 707 621 stabiliendam
742 560 898 619 hanc
933 563 1327 620 coniecturam
1354 559 1568 632 attulit,
1606 578 1677 619 ea
1710 561 1888 618 nimis
1913 558 2074 618 levia
2099 566 2236 618 sunt
2260 560 2468 618 omnia

277 649 617 726 partimque
650 649 716 703 in
751 645 1070 704 falsissima
1105 645 1179 704 de
1215 666 1262 704 c.
1291 645 1567 704 LXVIII
1601 648 1881 723 opinione
1916 648 2198 703 nituntur.
2268 661 2462 723 neque

277 731 445 791 idem
478 752 536 810 p.
568 732 689 789 339
726 733 855 789 iure
890 749 1139 807 negasse
1174 731 1322 788 mihi
1356 730 1592 788 videtur
1627 730 1702 788 de
1736 730 1808 788 T.
1845 730 2146 809 Torquato
2183 748 2250 787 eo
2285 747 2466 807 quem.

283 816 495 877 Cicero
532 836 583 874 a.
615 811 842 891 709145
872 818 939 874 in
974 825 1117 874 orat.
1152 836 1259 895 pro
1286 815 1568 874 Deiotaro
1597 812 1632 888 ἓ
1662 816 1740 872 32
1782 815 2093 893 ‘optimum
2120 812 2459 872 adulescen-
2487 856 2492 861 -

278 901 429 962 tem’
460 901 708 960 dixisset
732 903 981 976 cogitari
1006 920 1192 979 posse,
1231 903 1511 980 quoniam
1538 902 1906 957 adulescentis
1934 918 2150 958 nomen
2173 897 2467 957 latissime

239 992 245 997 ’
280 994 486 1066 patere
518 989 676 1045 inter
712 1004 914 1044 omnes
950 993 1195 1045 constat.
1267 984 1425 1065 quod
1458 1004 1598 1045 vero
1637 1005 1852 1063 sponsa
1888 984 2102 1043 Manlii
2137 983 2468 1043 Catulliani¹

279 1074 542 1151 primum
567 1090 624 1128 v.
656 1071 733 1127 16
761 1071 960 1142 Vinia,
998 1069 1212 1130 deinde
1238 1090 1293 1128 v.
1325 1072 1404 1128 86
1435 1090 1478 1129 s.
1507 1069 1917 1130 Aurunculeia
1941 1078 2203 1141 vocatur,
2242 1067 2463 1146 duplex

282 1175 502 1216 nomen
547 1155 918 1232 gentilicium
962 1154 1307 1214 Schwabius
1350 1176 1408 1234 p.
1447 1156 1571 1214 334
1618 1155 1983 1231 Scaligerum
2028 1162 2259 1213 secutus
2302 1151 2462 1211 haud

284 1241 465 1300 dubie
506 1248 665 1299 recte
704 1243 792 1299 ita
836 1241 1162 1319 explicavit
1211 1248 1279 1299 ut
1330 1259 1460 1311 eam
1505 1261 1542 1298 a
1584 1240 1768 1299 Vinio
1816 1239 2071 1319 quodam
2123 1238 2465 1317 adoptatam

285 1345 414 1387 esse
448 1333 746 1385 statueret.

413 1411 546 1469 Iam
598 1410 670 1470 de
715 1411 903 1487 poetis
945 1430 1067 1469 non
1121 1409 1300 1468 nullis
1346 1408 1570 1468 Catulli
1611 1408 2003 1468 familiaribus
2050 1407 2467 1487 exponendum

285 1503 392 1556 est.
473 1516 520 1554 c.
563 1495 814 1553 XXXV
854 1495 1094 1553 Verona
1138 1495 1214 1553 ad
1260 1494 1585 1555 Caecilium
1630 1495 2165 1565 Novocomensem,
2210 1512 2464 1573 quocum

287 1581 561 1642 Catullus
595 1580 872 1658 conloqui
908 1579 1197 1658 cupiebat,
1243 1582 1484 1638 missum
1522 1587 1626 1651 est,
1674 1579 2001 1658 docentque
2046 1597 2151 1638 sex
2187 1578 2466 1636 versiculi

286 1668 537 1726 extremi
564 1665 731 1723 illum
759 1673 886 1722 tum
913 1671 1181 1744 poemate
1201 1664 1457 1743 quodam
1484 1667 1549 1722 in
1574 1664 1857 1723 honorem
1878 1663 2134 1742 Cybeles
2153 1661 2468 1721 scribendo

286 1759 638 1828 occupatum
675 1751 872 1808 fuisse.
927 1749 1086 1829 quod
1120 1748 1361 1828 quidem
1399 1748 1746 1828 opusculum
1783 1751 1935 1808 sitne
1970 1748 2304 1808 absolutum
2339 1768 2466 1806 um-

286 1856 465 1915 quam
503 1844 677 1913 atque
704 1835 926 1894 editum
953 1837 1262 1906 nescimuS,
1301 1833 1535 1913 quando
1572 1836 1763 1892 omnis
1790 1836 1914 1893 eius
1949 1842 2158 1911 poetae
2184 1835 2468 1892 memoria

283 1921 415 1980 solo
459 1922 716 1978 carmine
751 1919 1090 1980 Catulliano
1135 1922 1479 1978 continetur.
1552 1939 1673 1978 non
1715 1921 1977 1996 potuisse
2022 1926 2218 1977 autem
2264 1916 2466 1977 Catul-

280 2005 414 2064 lum
446 2005 553 2062 hos
587 2004 1113 2082 hendecasyllabos
1149 2012 1286 2063 ante
1322 2024 1545 2062 annum
1574 1999 1802 2079 695s59
1832 2003 2087 2061 scribere
2114 2002 2463 2060 Schwabius

282 2112 344 2169 p.
377 2089 497 2147 295
529 2098 686 2148 recte
721 2109 796 2149 ex
833 2091 1385 2148 commemoratione
1409 2089 1570 2146 Novi
1600 2087 1770 2148 Comi
1808 2087 2019 2159 effecit,
2057 2086 2213 2166 quod
2248 2104 2465 2145 nomen

287 2175 539 2237 Comum
575 2173 856 2252 oppidum
884 2192 952 2232 eo
981 2173 1218 2231 demum
1244 2181 1506 2250 tempore
1533 2174 1796 2251 quinque
1823 2171 2086 2230 millibus
2124 2171 2463 2231 colonorum

282 2279 396 2339 per
430 2259 745 2320 Caesarem
780 2258 925 2316 illuc
960 2257 1228 2316 deductis
1266 2260 1560 2335 accepisse
1604 2260 1819 2316 scimus
1863 2253 2042 2330 (conf.
2078 2256 2467 2315 Drumannus

282 2345 405 2418 111,
452 2365 509 2423 p.
556 2346 678 2402 218
725 2351 784 2401 et
830 2339 996 2417 382).
1031 2373 1116 2382 --
1152 2361 1199 2399 c.
1243 2341 1592 2402 XXXVIII
1637 2341 1716 2400 ad
1759 2341 2139 2402 Cornificium
2184 2344 2464 2421 scriptum

283 2437 390 2490 est.
472 2429 631 2487 hunc
682 2446 809 2486 esse
862 2428 1271 2502 cognominem
1324 2436 1557 2505 poetam
1609 2427 1818 2486 horum
1870 2434 2223 2505 temporum,
2287 2446 2465 2507 quem

284 2512 544 2575 Ovidius
577 2513 725 2571 trist.
759 2512 827 2570 II
862 2513 984 2570 436
1021 2514 1176 2572 inter
1209 2520 1472 2571 auctores
1515 2512 1737 2572 levium
1784 2514 2108 2571 carminum
2155 2514 2465 2571 amatorio-

225 2665 230 2669 ,
280 2621 419 2660 rum
439 2605 758 2670 enumerat,
789 2600 1067 2677 cuiusque
1087 2606 1331 2657 mortem
1350 2599 1754 2676 Hieronymus
1773 2598 1850 2657 ad
1867 2620 2090 2657 annum
2108 2597 2255 2657 Abr.
2277 2600 2461 2671 1976,

281 2688 325 2746 i.
364 2704 414 2744 e.
455 2685 679 2756 71:3[41
720 2682 1056 2762 adscripsit,
1103 2703 1172 2742 eo
1207 2686 1402 2742 minus
1438 2683 1698 2743 dubitari
1731 2692 1947 2762 potest,
1986 2705 2102 2763 quo
2139 2686 2352 2742 certius
2388 2702 2464 2741 ex

280 2769 508 2829 ultimis
552 2769 725 2828 huius
771 2770 1047 2827 carminis
1088 2769 1394 2828 versiculis
1439 2768 1707 2828 Catullus
1751 2767 1829 2826 ad
1873 2772 2096 2827 socium
2140 2770 2281 2827 artis
2325 2769 2462 2826 scri·
2551 2791 2556 2796 ’

281 2855 427 2915 bere
463 2857 850 2931 cognoscitur.
905 2856 1009 2933 qui
1045 2875 1177 2913 cum
1212 2856 1467 2912 amicum
1502 2853 1618 2912 sibi
1654 2855 1913 2929 graviter
1946 2854 2277 2930 aegrotanti
2311 2852 2463 2910 nihil

284 2938 494 3000 solacii
529 2940 793 2999 attulisse
830 2934 1068 3019 questus
1112 2941 1203 3011 sit,
1249 2946 1542 3016 postremo
1588 2937 1853 3015 paullum
1888 2937 2031 3016 quid
2074 2937 2463 2996 adlocutionis

283 3025 595 3083 ‘maestius
629 3024 888 3083 lacrimis
915 3023 1297 3083 Simonideis’
1336 3023 1410 3082 ab
1449 3042 1518 3083 eo
1551 3022 1826 3100 postulat,
1864 3022 2076 3101 quibus
2111 3022 2307 3081 verbis
2341 3042 2462 3080 non

284 3116 489 3172 errant
556 3111 660 3186 qui
723 3107 1024 3168 Catullum
1093 3110 1453 3186 poematium
1522 3107 1761 3186 aliquod
1832 3107 1910 3165 ad
1980 3106 2462 3166 commovendam

281 3194 724 3254 miserationem
759 3196 950 3269 magis
985 3196 1162 3252 etiam
1206 3201 1409 3272 aptum
1443 3212 1623 3271 quam
1668 3192 1944 3268 lugubria
1980 3192 2302 3252 Simonidis
2338 3213 2462 3252 car-

282 3281 453 3339 mina
480 3298 515 3336 a
542 3276 858 3337 Cornificio
886 3285 1080 3355 petere
1107 3285 1386 3337 statuunt.
1408 3310 1490 3318 -
1517 3277 1591 3336 de
1610 3277 1677 3338 C.
1697 3278 1915 3337 Helvio
1945 3278 2139 3337 Cinna
2168 3278 2464 3357 Zmyrnae

286 3371 527 3424 auctore
568 3371 628 3422 et
663 3362 728 3422 C.
766 3363 1031 3421 Memmii
1075 3365 1355 3440 praetoris
1398 3384 1520 3422 una
1563 3384 1698 3422 cum
1735 3362 1969 3423 Catullo
2014 3367 2076 3421 in
2113 3364 2459 3441 Bithyniam

287 3451 501 3511 comite
535 3450 655 3507 iam
681 3467 857 3525 supra
884 3465 1033 3525 quae
1067 3449 1395 3506 necessaria
1422 3447 1779 3508 videbantur
1803 3448 1990 3506 attuli.
2063 3449 2275 3528 quibus
2303 3448 2461 3528 quod

286 3554 450 3594 nunc
486 3533 702 3592 addam
728 3553 850 3591 non
874 3531 1064 3590 habeo
1094 3533 1208 3590 nisi
1232 3554 1415 3591 unum
1440 3533 1569 3604 hoc,
1608 3536 1973 3612 epigramma
1998 3532 2150 3592 illud
2176 3534 2464 3612 Pompeio

285 3622 501 3680 iterum
539 3618 780 3678 consule
811 3618 1037 3676 factum
1072 3611 1148 3691 (c.
1187 3615 1429 3692 CXIII)
1466 3617 1698 3677 Cinnae
1731 3620 2079 3695 inscriptum
2114 3636 2257 3690 esse,
2302 3617 2464 3677 unde

285 3705 447 3764 hunc
482 3707 613 3782 pari
646 3712 852 3763 contra
875 3710 1145 3781 potentes
1178 3705 1244 3760 in
1268 3702 1572 3781 republica
1608 3702 1742 3761 odio
1773 3711 2105 3781 cum'poeta
2130 3704 2463 3762 Veronensi

287 3793 666 3850 coniunctum
701 3788 880 3847 fuisse
908 3791 1036 3846 iure
1063 3786 1375 3864 colligitur.
1405 3819 1490 3828 —-
1513 3790 1631 3845 tria
1658 3791 1935 3860 carmina,
1970 3788 2126 3847 XIV
2153 3787 2206 3845 L
2234 3786 2461 3862 XCVI,

288 3874 562 3935 Catullus
598 3873 674 3932 ad
703 3874 769 3935 C.
789 3873 1091 3932 Licinium
1119 3872 1370 3932 Calvum
1406 3879 1695 3931 oratorem
1732 3881 1789 3931 et
1822 3880 2058 3951 poetam
2084 3875 2260 3946 misit,
2297 3893 2463 3952 prae-

285 3969 452 4020 terea
488 3959 562 4018 de
597 3958 801 4018 eodem
836 3963 901 4017 in
937 3978 984 4016 c.
1020 3958 1175 4016 LIII
1210 3959 1347 4035 egit,
1394 3964 1645 4036 suntque
1679 3966 1953 4036 quattuor
1984 3959 2133 4017 haec
2165 3962 2463 4037 poematia

287 4064 554 4105 summae
611 4047 768 4103 inter
825 4051 1135 4123 utrumque
1194 4041 1612 4101 familiaritatis
1681 4045 2032 4102 testimonia.
2113 4062 2188 4102 ex
2248 4044 2461 4123 quibus

288 4149 528 4194 carmen
563 4129 633 4202 L,
679 4132 957 4208 scriptum
992 4149 1030 4188 a
1065 4127 1299 4188 Catullo
1342 4127 1625 4206 postridie
1660 4148 1835 4207 quam
1878 4149 2011 4187 cum
2045 4129 2279 4188 Licinio
2325 4149 2462 4189 con-

286 4235 525 4294 gressus
589 4223 714 4274 erat
762 4216 1127 4294 multumque
1188 4212 1494 4274 versiculis
1551 4212 1839 4273 faciendis
1895 4214 2138 4289 luserat,
2199 4222 2462 4294 tempore
