3225 5171
746 469 876 510 LXII
1610 467 1810 509 PROLE
1816 466 2068 510 GOMENA

745 593 930 667 patet,
977 588 1255 666 quoniam
1290 604 1525 645 carmen
1559 584 1718 644 istud
1754 587 1871 644 iam
1905 605 1957 643 a.
2000 578 2228 661 700l54
2272 585 2450 645 scribi
2494 588 2753 664 potuisse
2788 605 2920 646 con-

753 675 943 744 cessit,
981 682 1042 730 at
1074 671 1260 730 nihilo
1297 674 1492 729 minus
1522 669 1822 730 Catullum
1857 689 1907 728 a.
1940 666 2165 747 708l46
2197 669 2432 729 demum
2468 678 2761 729 mortuum
2796 690 2922 731 esse

749 756 1056 836 probabile
1090 756 1275 815 duxit.
1346 774 1538 835 neque
1581 764 1670 814 est
1711 755 1972 834 profecto
2016 775 2119 815 cur
2159 762 2394 833 poetam
2437 755 2555 815 illis
2602 755 2772 834 ‘quid
2815 763 2918 830 est,

755 840 1025 901 Catulle?
1061 841 1204 920 quid
1237 845 1483 899 moraris
1519 839 1767 899 emori?'
1814 839 1978 898 aliud
2013 840 2326 919 quicquam
2358 842 2476 899 nisi
2511 860 2799 900 summam
2831 845 2919 900 in-

753 926 1156 1003 dignationem
1193 945 1359 985 suam
1394 926 1730 1002 significare
1763 925 2021 984 voluisse
2057 926 2418 984 arbitremur.
2482 944 2634 1005 quae
2670 946 2801 984 cum
2836 928 2920 984 ita

751 1014 884 1084 sint,
938 1013 1066 1071 veri
1112 1008 1302 1070 simile
1355 1030 1481 1070 esse
1521 1009 1717 1069 iudico
1762 1029 1809 1066 c.
1853 1009 2205 1070 XXXVIII
2248 1018 2382 1088 post
2424 1030 2645 1069 annum
2693 1004 2918 1089 700s54

752 1096 978 1156 cadere.
1050 1094 1264 1156 deinde
1299 1116 1477 1175 supra
1512 1095 1911 1153 demonstravi
1954 1115 2073 1153 non
2117 1114 2287 1174 posse
2324 1092 2625 1157 Catullum
2659 1097 2778 1153 iam
2812 1095 2922 1154 hoc

752 1203 907 1241 anno
942 1202 1074 1241 cum
1111 1178 1364 1241 Caesare
1398 1185 1463 1239 in
1499 1183 1751 1256 gratiam
1783 1178 2006 1238 redisse
2041 1182 2384 1252 existimari,
2419 1180 2920 1258 probabiliterque

747 1267 1287 1334 reconciliationem
1316 1285 1513 1324 eorum
1542 1267 1711 1322 initio
1739 1266 1882 1323 anni
1905 1260 2134 1341 702s52
2152 1263 2496 1340 adsignasse
2521 1265 2671 1323 mihi
2696 1264 2916 1324 videor.

748 1354 871 1411 iam
913 1351 1065 1418 nihil
1108 1351 1303 1410 obstat
1344 1352 1490 1428 quin
1531 1358 1768 1427 poetam
1819 1348 2024 1408 eodem
2065 1370 2221 1408 anno
2270 1347 2497 1426 702f'52
2551 1351 2678 1408 sive
2727 1349 2919 1409 medio

749 1439 875 1496 sive
911 1443 1172 1496 extremo
1217 1455 1250 1495 e
1291 1437 1418 1493 vita
1453 1454 1750 1511 egressum
1793 1453 1919 1494 esse
1964 1441 2299 1494 statuamus.
2371 1433 2528 1513 quod
2564 1435 2615 1493 si
2657 1441 2813 1495 recte
2857 1454 2921 1495 se

746 1522 942 1593 habet,
980 1540 1170 1579 annus
1204 1519 1423 1578 natalis
1460 1518 1684 1578 Catulli
1718 1526 1807 1579 est
1842 1514 2087 1597 672182,
2125 1539 2240 1599 quo
2277 1539 2435 1578 anno
2458 1520 2760 1578 Licinium
2787 1517 2918 1581 Cal-

746 1627 890 1665 vum
940 1624 1173 1684 quoque
1216 1606 1481 1681 genitum
1533 1623 1660 1664 esse
1711 1603 1986 1663 vidimus.
2056 1622 2249 1683 neque
2299 1608 2507 1681 negari
2556 1606 2772 1683 poterit
2821 1603 2919 1663 vel

746 1691 887 1749 hinc
932 1689 1159 1768 aliquid
1203 1691 1556 1748 firmamenti
1598 1693 1816 1748 nostris
1859 1689 2187 1749 rationibus
2240 1689 2534 1749 accedere.
2606 1691 2717 1748 etsi
2759 1692 2918 1748 enim

749 1775 1138 1834 familiaritati
1171 1777 1326 1834 inter
1363 1773 1662 1834 Catullum
1696 1781 1754 1833 et
1788 1771 2039 1832 Calvum
2073 1773 2461 1834 intercedenti
2495 1772 2696 1852 paullo
2741 1776 2919 1833 maio-

746 1880 870 1920 rem
914 1860 1155 1919 alterius
1198 1867 1449 1919 aetatem
1491 1880 1612 1918 non
1666 1861 1904 1918 omnino
1947 1878 2277 1937 repugnare
2322 1858 2761 1919 concedendum
2812 1867 2917 1931 est,

743 1953 943 2005 tamen
971 1965 1086 2017 eOS,
1122 1954 1191 2003 ut
1217 1946 1446 2017 animis,
1480 1946 1567 2003 ita
1592 1946 1769 2003 etiam
1796 1945 1968 2003 annis
1995 1944 2270 2024 aequales
2299 1951 2402 2002 aut
2427 1963 2618 2023 paene
2645 1944 2918 2024 aequales

744 2031 927 2090 fuisse
962 2030 1195 2089 facilius
1232 2029 1539 2101 credimuS,
1582 2032 1928 2108 praesertim
1964 2032 2016 2088 si
2049 2036 2305 2088 mentem
2340 2028 2417 2087 ad
2458 2048 2551 2088 res
2594 2032 2820 2088 iocosas
2853 2031 2918 2086 in

746 2116 1107 2176 carminibus
1139 2115 1295 2174 XIV
1319 2114 1372 2172 L
1397 2114 1555 2173 LIII
1589 2122 1892 2173 enarratas
1928 2113 2305 2173 advertimus.
2368 2122 2549 2174 restat
2581 2122 2648 2171 ut
2681 2133 2756 2173 ex
2789 2112 2920 2172 loco

748 2199 1013 2260 Cornelii
1047 2201 1298 2278 Nepotis
1342 2203 1447 2278 qui
1491 2207 1578 2258 est
1622 2202 1690 2257 in
1729 2201 1855 2257 vita
1897 2199 2084 2258 Attici
2124 2200 2201 2256 12
2247 2200 2287 2255 4
2331 2202 2459 2258 iure
2504 2198 2707 2275 colligi
2749 2217 2919 2277 posse

745 2284 1007 2343 dicamus
1058 2293 1296 2363 poetam
1337 2286 1741 2344 Veronensem
1792 2304 1925 2343 cum
1976 2292 2114 2344 ante
2162 2286 2593 2343 triumviratum
2648 2285 2914 2355 Antonii,

746 2368 1079 2441 Octaviani,
1131 2368 1366 2446 Lepidi,
1419 2376 1545 2428 tum
1594 2369 1796 2447 paullo
1847 2377 1980 2447 post
2023 2370 2364 2428 Lucretium
2416 2375 2710 2427 mortuum
2763 2386 2916 2442 esse,

745 2453 903 2534 quod
939 2462 999 2514 et
1032 2456 1224 2532 ipsum
1259 2473 1390 2512 cum
1425 2460 1628 2512 nostra
1662 2455 1807 2511 anni
1833 2452 2032 2512 fatalis
2064 2452 2286 2512 Catulli
2322 2453 2666 2513 definitione
2702 2455 2917 2531 optime

745 2541 1037 2611 convenit,
1084 2541 1190 2597 vix
1227 2539 1385 2598 enim
1421 2540 1693 2617 cuiquam
1738 2546 1868 2617 post
1900 2539 2036 2597 Iani
2069 2537 2344 2598 Woltieri
2380 2540 2444 2597 in
2480 2538 2679 2597 annal.
2715 2536 2915 2619 philol.

743 2632 784 2683 t.
830 2624 1122 2698 CXXIX,
1168 2644 1225 2702 p.
1278 2625 1396 2682 134
1433 2643 1505 2682 ss.
1552 2623 2006 2701 disputationem
2058 2623 2303 2682 dubium
2353 2642 2481 2683 esse
2534 2630 2725 2704 potest
2773 2625 2919 2702 quin

741 2710 1051 2770 Lucretius
1088 2730 1141 2767 a.
1181 2704 1407 2785 701s53
1443 2707 1775 2768 decesserit.

871 2795 1048 2856 Vitae
1081 2802 1344 2874 tempore
1380 2792 1602 2852 Catulli
1637 2793 1802 2852 finito
1839 2791 1914 2850 de
1949 2791 2156 2852 studiis
2192 2796 2318 2853 eius
2352 2795 2598 2871 poeticis
2636 2791 2919 2853 disserere

744 2880 1175 2958 adgrediamur.
1245 2899 1365 2958 qua
1400 2881 1464 2937 in
1505 2898 1572 2938 re
1607 2876 1765 2957 quod
1810 2897 1986 2956 supra
2030 2880 2385 2937 coniecimus
2423 2876 2740 2950 Catullum,
2787 2898 2917 2937 cum

744 2964 1216 3025 adulescentulus
1233 2965 1484 3024 Romam
1510 2964 1891 3043 pervenisset,
1922 2963 2010 3021 ibi
2035 2963 2404 3022 institutione
2421 2963 2646 3022 Valerii
2673 2960 2917 3021 Catonis

743 3053 1114 3127 grammatici
1148 3057 1208 3108 et
1239 3057 1449 3127 poetae
1483 3069 1654 3108 usum
1681 3066 1824 3121 esse,
1861 3046 1925 3105 id
1960 3067 2118 3106 nunc
2154 3055 2291 3107 ante
2320 3049 2520 3106 omnia
2554 3049 2919 3123 argumentis

743 3133 1209 3193 confirmandum
1246 3153 1371 3192 esse
1401 3135 1699 3192 sentimus.
1754 3132 1828 3191 de
1849 3131 2072 3191 Catone
2100 3152 2253 3211 quae
2285 3134 2499 3192 scimus
2526 3131 2707 3209 longe
2731 3132 2918 3211 plera-

742 3237 858 3298 que
885 3219 1165 3279 Suetonio
1203 3217 1276 3275 de
1313 3225 1617 3294 grammat.
1649 3220 1723 3273 11
1765 3216 2061 3296 debemuS.
2126 3221 2228 3295 qui
2260 3220 2417 3276 inter
2450 3217 2569 3275 alia
2602 3236 2736 3276 eum
2773 3217 2919 3275 mul-

742 3311 835 3363 tos
870 3310 930 3362 et
963 3302 1192 3363 nobiles
1229 3301 1496 3361 docuisse
1528 3304 1840 3380 visumque
1875 3320 2000 3361 esse
2035 3301 2418 3380 peridoneum
2461 3310 2918 3381 praeceptorem,

742 3390 1046 3447 maxime
1082 3386 1169 3445 ad
1201 3390 1552 3465 poeticam
1588 3386 2081 3460 tendentibus,
2119 3394 2320 3446 narrat
2353 3389 2593 3467 eiusque
2628 3390 2718 3445 rei
2746 3387 2919 3446 docu-

740 3480 1002 3533 mentum
1029 3471 1136 3531 hos
1163 3470 1484 3531 versiculos
1510 3473 1719 3530 incerti
1749 3467 2003 3531 auctoris
2032 3470 2238 3544 adfert,
2277 3472 2291 3500 ⁴
2308 3471 2455 3531 Cato
2481 3473 2917 3548 grammaticus,

743 3559 964 3617 Latina
991 3558 1180 3629 Siren,
1210 3554 1329 3629 Qui
1356 3556 1513 3616 solus
1538 3555 1689 3633 legit
1713 3576 1783 3615 ac
1811 3557 1955 3615 facit
1981 3557 2229 3636 poetas',
2266 3576 2514 3636 quorum
2539 3558 2920 3634 posteriorem

741 3648 827 3703 ita
862 3641 1272 3721 accipiendum
1307 3659 1433 3702 esse
1468 3640 1715 3719 adparet
1752 3648 1820 3700 ut
1855 3639 2002 3700 Cato
2039 3641 2194 3700 solus
2230 3662 2351 3701 non
2393 3641 2585 3714 mod0,
2629 3648 2698 3700 ut
2743 3645 2922 3700 ceteri

742 3730 1138 3807 grammatici,
1183 3735 1387 3805 poetas
1423 3727 1763 3805 praelegere
1808 3730 2327 3805 commentarique,
2373 3726 2478 3786 sed
2522 3729 2701 3785 etiam
2732 3745 2923 3790 novos

743 3813 1015 3875 excolere
1049 3813 1296 3871 dicatur.
1369 3811 1520 3869 conf.
1558 3811 1931 3870 Weichertus
1965 3819 2116 3889 poet.
2153 3811 2284 3869 Lat.
2321 3811 2488 3890 reliq.
2518 3831 2572 3889 p.
2614 3811 2734 3869 359
2763 3831 2823 3868 n.
2861 3817 2920 3871 et

741 3900 792 3958 I.
830 3898 1107 3976 Steupius
1143 3896 1217 3957 de
1251 3895 1462 3954 Probis
1498 3900 1893 3973 grammaticis
1920 3917 1973 3974 p.
2001 3897 2041 3953 4
2071 3915 2115 3954 s.
2154 3896 2332 3955 fuisse
2367 3906 2564 3954 autem
2599 3893 2922 3973 discipulos

744 3984 870 4044 eius
914 3980 1202 4054 Ticidam,
1247 3981 1533 4040 Helvium
1575 3980 1847 4053 Cinnam,
1891 3981 2140 4039 Furium
2181 3980 2534 4039 Bibaculum
2578 3999 2610 4038 e
2654 3980 2924 4039 versibus

745 4087 948 4129 eorum
987 4065 1211 4126 ibidem
1257 4086 1292 4124 a
1336 4066 1618 4126 Suetonio
1663 4064 1920 4125 laudatis
1962 4068 2328 4143 perspicitur.
2399 4062 2614 4143 quodsi
2659 4067 2792 4142 quis
2832 4084 2923 4123 re·

745 4159 916 4232 putat
966 4150 1263 4211 Catullum
1317 4149 1547 4209 Cinnae
1606 4148 1956 4209 familiarem
2018 4149 2459 4228 studiorumque
2513 4152 2924 4208 communione

739 4259 880 4298 cum
915 4258 982 4297 eo
1019 4238 1394 4296 coniunctum
1427 4233 1627 4309 fuisse,
1671 4238 1792 4294 iam
1825 4234 1967 4293 hinc
2008 4237 2137 4299 veri
2181 4234 2372 4294 simile
2415 4233 2661 4294 habebit
2701 4242 2924 4306 utrum-
