3225 5171
1223 446 1455 500 LIBER
2310 431 2392 495 41

355 590 477 654 ego
512 591 684 633 nunc
719 570 908 635 deum
946 568 1230 633 ministra
1265 580 1329 634 et
1366 567 1644 653 Cybeles
1678 568 1920 634 famula
1954 570 2156 633 ferar?

342 659 477 749 'ego
513 686 790 739 maenas,
829 684 948 748 ego
985 663 1109 726 mei
1145 685 1313 747 pars,
1353 684 1473 748 ego
1512 663 1608 727 vir
1643 663 1869 727 sterilis
1905 663 2049 727 ero?

357 779 477 841 ego
514 757 730 821 viridis
768 757 983 842 algida
1015 756 1172 821 Idae
1208 757 1353 821 nive
1389 757 1622 821 amicta
1657 758 1797 821 loca
1832 757 2075 821 colam?
2434 769 2512 823 70

357 872 478 935 ego
515 851 708 915 vitam
746 875 930 935 agam
971 851 1089 914 sub
1126 850 1268 915 altis
1303 851 1627 936 Phrygiae
1664 850 2106 927 columinibus,

356 943 467 1007 ubi
503 966 691 1008 cerva
725 944 1115 1020 silvicultrix‚
1152 944 1260 1007 ubi
1299 967 1453 1029 aper
1488 944 1973 1029 nemorivagus?

356 1038 482 1100 iam
520 1038 645 1101 iam
683 1038 853 1103 dolet
887 1037 1060 1120 quod
1096 1039 1219 1121 egi,
1255 1039 1383 1101 iam
1418 1038 1673 1120 iamque
1708 1036 2029 1122 paenitet.'

356 1131 552 1195 roseis
588 1142 661 1195 ut
696 1132 842 1196 huic
877 1131 1122 1195 labellis
1159 1131 1399 1195 sonitus
1435 1132 1596 1196 citus
1634 1131 1790 1195 abiit

355 1224 642 1309 geminas
678 1225 895 1289 matris
931 1226 1014 1290 ad
1050 1225 1218 1289 auris
1253 1247 1420 1289 nova
1454 1225 1678 1289 nuntia
1710 1225 2014 1301 referenS,
2433 1238 2510 1293 75

355 1318 444 1382 ibi
479 1319 694 1384 iuncta
728 1320 881 1404 iuga
913 1321 1235 1384 resolvens
1274 1318 1517 1404 Cybele
1552 1320 1844 1385 leonibus

356 1412 737 1496 laevumque
772 1414 1016 1498 pecoris
1053 1413 1295 1478 hostem
1333 1414 1663 1477 stimulans
1699 1414 1789 1477 ita
1821 1413 2120 1497 loquitur.

357 1507 692 1592 ‘agedum'
739 1507 944 1589 inquit
987 1515 1136 1592 ‘age
1172 1507 1352 1571 ferox
1387 1507 1430 1584 i,
1475 1508 1620 1572 face
1653 1517 1725 1570 ut
1760 1507 1932 1572 hunc
1967 1508 2143 1570 furor
2178 1505 2395 1590 agitet,

356 1598 496 1664 face
531 1600 624 1663 uti
659 1599 891 1663 furoris
926 1600 1056 1664 ictu
1089 1600 1361 1664 reditum
1397 1600 1463 1664 in
1498 1622 1760 1664 nemora
1794 1601 1977 1677 ferat,

356 1715 502 1757 mea
534 1692 731 1758 libere
767 1694 953 1758 nimis
987 1694 1097 1776 qui
1132 1695 1355 1778 fugere
1389 1694 1657 1779 imperia
1691 1695 1883 1778 cupit..
2430 1707 2510 1762 80

356 1808 476 1871 age
513 1786 706 1851 caede
741 1799 920 1872 terga
954 1786 1178 1861 cauda,
1224 1798 1334 1851 tua
1369 1788 1634 1852 verbera
1666 1798 1903 1871 patere,

355 1879 496 1943 face
533 1889 759 1944 cuncta
796 1880 1102 1964 mugienti
1138 1880 1391 1944 fremitu
1426 1881 1565 1946 loca
1600 1891 1908 1957 retonent,

353 1973 608 2036 rutilam
643 1974 822 2038 ferox
857 1985 1067 2037 torosa
1103 1975 1344 2038 cervice
1381 1985 1572 2056 quate
1606 1973 1865 2037 iubam?

356 2065 445 2131 ait
479 2066 637 2132 haec
671 2068 886 2132 minax
924 2064 1192 2150 Cybebe
1226 2067 1579 2151 religatque
1617 2067 1771 2152 iuga
1804 2090 2018 2131 manu.

354 2160 528 2224 ferus
562 2160 699 2245 ipse
735 2184 872 2225 sese
908 2160 1247 2224 adhortans
1285 2160 1576 2244 rapidum
1610 2161 1834 2224 incitat
1869 2162 2101 2237 animO,
2426 2174 2506 2229 85

356 2254 548 2329 vadit,
585 2255 814 2330 fremit,
851 2254 1139 2337 refringit
1177 2253 1453 2339 virgulta
1487 2254 1651 2338 pede
1688 2276 1873 2338 vago·

355 2357 420 2411 at
452 2348 565 2412 ubi
599 2348 815 2412 umida
850 2347 1177 2412 albicantis
1211 2348 1352 2411 loca
1386 2347 1584 2411 litoris
1621 2348 1796 2425 adiit,

353 2455 763 2525 teneramque
798 2441 955 2505 vidit
990 2441 1176 2505 Attin
1209 2463 1406 2526 prope
1443 2464 1757 2506 marmora
1791 2442 2023 2529 pelagi,

353 2536 508 2602 facit
541 2538 873 2623 impetum:
921 2536 1029 2600 illa
1064 2536 1321 2600 demens
1356 2536 1525 2621 fugit
1558 2535 1625 2600 in
1660 2558 1921 2602 nemora
1955 2536 2119 2602 fera:

353 2631 444 2695 ibi
480 2655 729 2717 semper
765 2652 953 2694 omne
990 2631 1157 2693 vitae
1194 2629 1469 2714 spatium
1504 2631 1745 2696 famula
1779 2631 1917 2694 fuit.
2428 2643 2506 2698 90

356 2726 494 2801 dea,
528 2749 762 2812 magna
798 2726 936 2800 dea,
976 2723 1264 2809 Cybebe,
1303 2725 1422 2789 dea
1458 2725 1715 2788 domina
1750 2725 2081 2808 Dindymi,

353 2821 572 2907 procul
609 2845 647 2884 a
681 2843 823 2883 mea
858 2830 1005 2883 tuus
1043 2820 1124 2882 sit
1158 2818 1335 2882 furor
1369 2818 1592 2893 omme,
1635 2840 1763 2895 era,
1803 2819 2021 2881 domo:

354 2915 509 2979 alios
546 2936 665 2999 age
699 2913 1009 2987 incitatos,
1046 2911 1200 2975 alios
1237 2933 1357 2995 age
1391 2909 1667 2974 rabidos,

381 3330 737 3370 »ck-'m‘
864 3344 917 3360 η..
1031 3337 1059 3349 ν»
1176 3294 1644 3376 ,ηὓήηῳυῖ
1715 3327 1842 3349 ..οι

349 3381 532 3447 Pelia
571 3401 608 3444 o
644 3327 963 3539 quoffl'dam
1001 3336 1616 3461 prdgnataevertice
1640 3358 1841 3479 {pinus

352 3448 646 3540 di'cunflur
679 3473 766 3556 liq
816 3472 950 3535 ‘das
987 3466 1267 3554 Nep‘tuni
1302 3492 1486 3533 nasse
1525 3471 1877 3555 perfundas

349 3568 660 3634 Phasidos
697 3567 779 3630 ad
813 3566 1041 3629 fluctus
1077 3574 1140 3627 et
1174 3563 1331 3627 fines
1367 3565 1665 3639 AeeteOS‚

351 3686 494 3728 cum
530 3661 675 3726 lecti
709 3661 990 3732 iuvenes,
1025 3657 1309 3741 Argivae
1345 3658 1574 3727 robora
1605 3657 1815 3741 pubis,

350 3766 635 3851 auratam
670 3764 956 3839 optantes
994 3750 1250 3815 Colchis
1287 3727 1570 3816 avelffi
1607 3751 1839 3835 pellem
2423 3767 2468 3820 5

350 3850 488 3915 ausi
523 3859 665 3914 sunt
701 3844 885 3911 vada*
899 3846 1066 3909 salsa
1102 3846 1225 3909 cita
1261 3845 1592 3908 decurrere
1627 3845 1852 3929 puppi,

351 3944 602 4009 caerula
635 3952 956 4006 verrentes
993 3939 1280 4023 abiegnis
1318 3936 1597 4020 aequora
1632 3938 1877 4022 palmiS.

350 4038 498 4102 diva
531 4037 760 4118 quibus
794 4035 1068 4099 retinens
1103 4033 1168 4096 in
1206 4032 1467 4096 summis
1506 4032 1770 4096 urbibus
1809 4054 1985 4097 arces

348 4131 488 4217 ipsa
521 4130 645 4194 levi
682 4128 837 4194 fecit
872 4127 1239 4205 volitantem
1274 4125 1529 4190 fiamine
1567 4148 1842 4207 currum,

348 4225 537 4311 pinea
554 4223 962 4315 &coniungens
999 4200 1287 4305 infifflnfel
1304 4220 1478 4285 texta
1516 4205 1814 4289 Οᾶτῖᾗεῖὲ]

387 4332 519 4359 *5⁸
622 4338 680 4351 W.

2430 4237 2508 4291 10

1797 4258 1803 4273 t

830 4344 834 4375 ξ
894 4348 937 4367 U
1020 4346 1045 4359 Ψ·
1092 4354 1095 4367 ι
