3225 5171
1181 515 1377 558 PROLE
1383 514 1635 558 GOMENA
2388 515 2516 559 XCV'

331 632 516 694 nullis
552 652 627 692 ex
652 633 1020 693 brevioribus
1049 652 1118 693 eo
1147 633 1550 713 conprehensa
1583 633 1764 693 fuisse
1793 634 2057 693 dicimus.
2113 654 2252 693 nam
2275 642 2519 713 praeter·

336 718 452 778 duo
491 717 563 777 de
597 739 834 798 passere
875 722 1172 799 poematia
1213 723 1392 778 etiam
1437 723 1700 778 carmina
1732 720 1789 780 V
1825 727 1884 779 et
1916 719 2043 780 VII
2085 719 2310 778 ibidem
2353 719 2518 778 lecta.

336 803 519 862 fuisse
563 823 638 863 ex
684 807 1172 883 epigrammatum
1216 804 1508 863 Martialis
1553 824 1706 884 quae
1753 825 1930 883 supra
1973 804 2276 863 attulimus
2321 803 2513 863 altero

337 887 607 962 efficitur,
654 891 819 948 cuius
863 891 1111 948 extremi
1153 890 1431 949 versiculi
1474 891 1559 948 ita
1592 892 1870 949 nimirum
1907 897 2045 948 sunt
2077 889 2510 969 interpretandi

336 981 404 1032 ut
434 981 610 1051 poeta
644 974 942 1033 basiorum
970 974 1438 1035 Catullianorum
1466 994 1619 1055 quae
1655 995 1692 1033 a
1723 994 1907 1054 puero
1942 982 2147 1052 poscat
2180 978 2517 1053 praemium.

334 1061 529 1137 ipsum
567 1077 701 1118 eum
743 1059 963 1118 librum
1006 1062 1071 1118 in
1106 1080 1221 1139 quo
1262 1059 1367 1118 ille
1403 1058 1477 1118 de
1509 1063 1641 1119 istis
1675 1060 1857 1119 basiis
1893 1058 2124 1119 edoceri
2156 1062 2344 1138 possit
2377 1080 2513 1138 pro-

337 1146 568 1202 mittere
602 1152 909 1203 statuatur.
980 1148 1220 1203 omnino
1257 1152 1453 1204 autem
1487 1147 1552 1203 in
1594 1144 1708 1204 hoc
1743 1164 1982 1225 corpore
2017 1165 2139 1204 non
2173 1143 2356 1204 fuisse
2391 1147 2510 1203 nisi

337 1231 568 1287 minora
602 1232 867 1288 carmina
903 1232 1208 1302 amatoria,
1252 1229 1482 1289 ludicra
1516 1229 1617 1289 vel
1652 1233 1829 1289 etiam
1864 1228 2156 1289 maledica
2190 1230 2511 1289 eorundem

338 1316 825 1392 epigrammatum
860 1318 1024 1392 prius
1061 1314 1438 1387 demonstrat,
1484 1315 1588 1373 ubi
1624 1315 1915 1374 Martialis
1951 1327 2086 1374 suos
2119 1316 2307 1393 ipsius
2342 1315 2509 1375 libel-

333 1398 424 1457 los
463 1399 723 1459 ‘lascivis
769 1399 1037 1458 madidos
1071 1400 1244 1458 iocis’
1292 1408 1350 1459 et
1383 1403 1627 1459 remissa
1660 1399 1856 1460 fronte
1887 1398 2171 1477 legendos
2208 1420 2343 1458 cum
2378 1420 2514 1478 pas-

339 1502 465 1543 sere
500 1484 721 1544 Catulli
755 1487 840 1543 ita
875 1485 1104 1544 confert
1137 1493 1204 1544 ut
1231 1484 1478 1544 similem
1505 1485 1645 1543 huic
1676 1485 1880 1544 libello
1915 1485 2184 1544 habitum
2210 1484 2520 1544 adiudicet.

340 1577 714 1648 opponatque
741 1577 1020 1649 utrosque
1046 1571 1325 1648 gravitati
1343 1573 1642 1649 epicorum
1662 1573 2006 1629 carminum.
2063 1577 2321 1630 ceterum
2347 1569 2511 1650 quod.

335 1653 636 1733 pleraque,
691 1676 811 1713 non
865 1657 1063 1714 omnia
1112 1663 1386 1735 poemata
1429 1654 1509 1713 ad
1550 1674 1809 1714 amorem
1851 1655 2106 1715 Lesbiae
2149 1657 2522 1734 pertinentia.

336 1741 561 1817 passeri
604 1740 992 1810 attribuimuS,
1047 1760 1168 1798 non
1211 1739 1646 1800 inconsiderate
1686 1740 1753 1798 id
1795 1740 2059 1800 fecimus
2131 1760 2271 1798 nam
2322 1748 2390 1798 ut
2435 1739 2522 1800 de-

340 1824 696 1883 carminibus
731 1825 827 1883 XI
863 1833 922 1883 et
954 1825 1176 1883 XLIII
1210 1824 1459 1884 multum
1499 1833 1637 1904 post
1681 1824 1936 1884 solutum
1971 1845 2103 1883 cum
2148 1824 2255 1883 illa
2299 1823 2522 1884 foedus.

339 1912 658 1988 conpositis
701 1917 999 1969 taceamus
1044 1909 1234 1989 deque
1279 1912 1541 1971 carmine
1574 1910 1852 1970 LXVIII
1889 1911 2109 1968 maiore
2146 1917 2204 1968 et
2249 1908 2514 1969 doctiore

340 2014 516 2074 quam
568 1994 725 2075 quod
776 1996 884 2053 tali
924 1994 1127 2054 libello
1172 1998 1504 2068 conveniat,
1559 1998 1739 2054 etiam
1783 1995 1872 2053 LI
1917 1993 2336 2073 excipiendum
2383 2013 2524 2054 esse

338 2079 704 2153 arbitramur,
743 2084 963 2159 quippe
997 2078 1172 2158 quod,
1210 2099 1344 2138 cum
1374 2079 1603 2138 duobus
1641 2079 1715 2138 de
1746 2097 1985 2157 passere
2017 2079 2331 2156 poematiis
2366 2087 2511 2138 tem·
2567 2132 2602 2164 w,

335 2184 480 2242 pore
523 2165 849 2237 antecedat,
906 2163 1223 2237 Catullum,
1279 2166 1331 2221 si
1372 2167 1615 2223 omnino
1657 2167 1723 2222 in
1766 2163 1879 2222 hoc
1921 2183 2131 2242 corpus
2173 2165 2554 2263 recepissetf

336 2253 527 2328 primo
590 2249 719 2309 loco
781 2249 1218 2308 conlocaturum
1281 2246 1465 2308 fuisse
1522 2250 1652 2307 veri
1713 2247 1904 2307 simile
1965 2250 2056 2306 sit.
2145 2267 2257 2308 nec
2307 2242 2525 2333 inepte

337 2337 634 2413 suspicere
671 2334 975 2393 exclusum
1008 2352 1136 2393 esse
1171 2353 1208 2391 a
1234 2341 1409 2411 poeta
1440 2340 1753 2412 propterea
1777 2335 1919 2413 quia
1951 2335 2148 2392 minus
2185 2341 2341 2398 certe
2376 2339 2513 2398 reli-

337 2423 469 2521 quis
505 2420 880 2497 perfectionis
913 2417 1109 2477 habet.
1180 2417 1389 2497 quodsi
1421 2417 1499 2476 ad
1542 2417 2017 2497 persuadendum
2052 2426 2188 2495 apte
2223 2418 2299 2482 de
2334 2424 2516 2483 rebus

334 2508 403 2563 in
431 2522 665 2582 passere
692 2505 954 2563 tractatis
982 2502 1427 2581 disputavimus,
1463 2524 1585 2563 non
1609 2507 1985 2562 temerarium
2013 2503 2195 2565 fuerit
2228 2510 2406 2568 etiam
2434 2509 2524 2570 de

333 2598 600 2668 tempore
644 2610 757 2671 quo
793 2590 889 2648 hic
924 2588 1159 2648 libellus
1201 2589 1485 2689 prodierit
1519 2592 1891 2649 coniecturae
1932 2593 2261 2669 periculum
2295 2594 2520 2655 facere.

338 2674 639 2735 Catullum
685 2696 736 2733 a.
775 2669 1004 2752 696158
1058 2676 1242 2732 amori
1287 2673 1535 2734 Clodiae
1584 2695 1832 2775 prorsus
1865 2680 2313 2753 renuntiavisse,
2370 2699 2518 2739 vere

337 2763 480 2818 anni
521 2762 884 2839 insequentis
930 2762 993 2818 in
1027 2757 1238 2818 Asiam
1281 2760 1476 2819 abisse
1519 2762 1752 2819 scimus.
1787 2755 2035 2842 itaque
2079 2782 2214 2823 eum
2256 2784 2378 2823 non
2421 2768 2525 2824 ita.

337 2845 522 2904 multo
559 2856 694 2905 ante
729 2865 907 2925 quam
941 2844 1180 2903 Italiam
1213 2844 1570 2923 relinqueret
1564 2827 1914 2932 idfaecorpus
1950 2848 2110 2927 quod
2143 2849 2510 2909 Martialisa

333 2933 524 3009 primo
570 2932 696 2989 eius
741 2932 1001 2990 carmine
1044 2948 1341 3022 passerem
1356 2929 1623 2992 „vocavit
1661 2934 1727 2990 in
1760 2932 1976 3008 vulgus
2012 2934 2273 2993 emisisse
2308 2936 2516 2992 existi

336 3032 581 3073 mamus.
654 3017 750 3074 cui
793 3018 1161 3075 coniecturae
1203 3019 1325 3074 non
1377 3016 1566 3075 solum
1612 3016 1688 3075 ab
1734 3020 2028 3077 universis
2081 3020 2239 3077 vitae
2284 3018 2509 3079 Catulli

332 3099 682 3172 rationibUS,
726 3118 932 3159 verum
975 3102 1154 3159 etiam
1198 3120 1235 3158 a
1277 3101 1527 3177 singulis
1581 3101 1935 3181 quibusdam
1976 3105 2243 3180 vestigiis
2286 3108 2507 3182 praesi-

336 3184 503 3243 dium
537 3191 794 3263 paratur.
854 3184 1078 3244 scilicet
1110 3188 1176 3243 in
1213 3205 1259 3243 c.
1296 3186 1451 3246 XVI
1481 3188 1558 3243 12
1579 3206 1624 3245 s.
1660 3208 1792 3246 cum
1826 3187 2139 3247 Aurelium
2175 3196 2234 3246 et
2257 3189 2508 3249 Furium

338 3269 554 3329 ‘multa
595 3268 784 3327 milia'
828 3269 1126 3328 basiorum
1167 3269 1435 3347 legisse
1479 3273 1564 3330 ait
1604 3279 1795 3351 poeta,
1840 3272 1933 3331 his
1967 3272 2181 3360 verbis,
2227 3280 2293 3331 ut
2328 3294 2522 3353 supra

296 3377 301 3381 ·
337 3355 613 3427 diximuS,
651 3353 729 3414 ad
765 3374 812 3412 c.
849 3354 909 3413 V
941 3356 1197 3433 respicit.
1269 3355 1428 3435 quod
1463 3356 1701 3436 quidem
1738 3376 1972 3416 carmen
2009 3360 2118 3416 etsi
2145 3351 2283 3416 fieri
2315 3362 2518 3438 potuit

335 3448 403 3499 ut
436 3438 557 3498 illis
602 3458 711 3518 per
754 3438 1089 3539 exemplum
1131 3442 1411 3518 privatim
1447 3440 1803 3519 descriptum
1847 3445 1913 3501 in
1947 3444 2223 3502 notitiam
2255 3446 2510 3517 veniret,

334 3532 551 3597 tamen,
590 3523 880 3604 quando
862 3545 926 3581 ιιι
959 3542 1198 3603 passere
1229 3523 1477 3585 infuisse
1513 3535 1734 3586 certum
1761 3533 1864 3601 est,
1902 3525 2165 3606 quidni
2145 3548 2209 3585 m
2243 3527 2355 3586 hoc
2384 3549 2507 3587 cor-

338 3630 480 3689 pore
507 3609 581 3668 ab
610 3612 695 3669 eis
726 3609 946 3668 lectum
980 3609 1161 3669 fuisse
1181 3610 1541 3669 statuamus?
1593 3610 1773 3689 idque
1798 3631 1837 3669 a
1862 3618 1987 3670 tota
2012 3615 2253 3690 insuper
2276 3616 2518 3672 ratione-

338 3697 613 3754 carminis
641 3694 796 3754 XVI
825 3693 1390 3754 commendationem
1416 3696 1614 3769 habet,
1651 3698 1716 3754 in
1752 3715 1866 3775 quo
1895 3696 2163 3756 Catullus
2192 3696 2267 3755 de
2294 3705 2508 3756 natura

334 3783 530 3859 poesis
565 3799 707 3839 suae
748 3782 835 3838 ita
869 3781 1113 3857 exponit
1147 3787 1213 3837 ut
1245 3800 1366 3838 non
1399 3800 1722 3859 paucorum
1756 3781 2193 3854 versiculorum,
2230 3782 2334 3840 sed
2366 3782 2516 3842 libri:

338 3885 377 3924 a
418 3884 481 3924 se
525 3864 668 3924 editi
718 3866 1115 3943 patrocinium
1159 3866 1456 3942 suscipere
1498 3864 1787 3925 videatur.
1857 3865 2018 3945 quod
2062 3869 2112 3925 si
2156 3885 2363 3926 verum
2398 3875 2504 3939 est,

335 3968 537 4029 passer
587 3953 707 4008 iam
761 3969 813 4007 a.
851 3945 1080 4027 698156
1135 3956 1239 4008 aut
1289 3945 1515 4028 699155
1570 3953 1637 4009 in
1689 3950 1961 4010 manibus
2011 3950 2314 4010 hominum
2360 3959 2503 4025 erat,

335 4054 479 4093 nam
505 4034 674 4094 alteri
708 4036 825 4093 utri
852 4034 1061 4094 horum
1089 4054 1380 4094 annorum
1407 4054 1453 4094 c.
1471 4035 1629 4096 XVI
1655 4035 2094 4095 attribuendum
2122 4044 2210 4095 est
2237 4032 2416 4111 (conf.
2443 4058 2502 4116 p.

333 4117 668 4185 XXVIII).
722 4118 1086 4201 eandemque
1106 4119 1541 4180 conclusionem
1561 4141 1606 4179 c.
1629 4120 1848 4179 XLIII
1866 4121 2128 4197 subgerit
2145 4142 2267 4180 non
2285 4129 2520 4181 temere

337 4224 517 4283 supra
541 4224 599 4282 p.
618 4204 809 4262 XXX
835 4225 991 4265 anno
1022 4199 1248 4282 699155
1270 4226 1307 4264 a
1332 4205 1504 4265 nobis
1531 4205 1927 4282 adsignatum,
1966 4225 2041 4266 ex
2068 4209 2236 4266 cuius
2260 4227 2435 4267 versu
2466 4209 2503 4264 7

330 4291 688 4369 perspicitur
716 4289 936 4350 Catulli
965 4290 1038 4350 de
1062 4290 1282 4351 Lesbia
1314 4295 1608 4372 poematia
1635 4299 1760 4350 tum
1786 4293 2063 4372 temporis
2096 4293 2163 4350 in
2196 4294 2522 4372 provincia.
