3225 5171
727 467 883 511 thv
1597 465 2052 508 PROIAEGOMENA

728 584 1111 656 aestimabat,
1158 583 1262 643 sed
1294 586 1360 642 in
1393 584 1661 643 versibus
1706 582 1993 644 faciendis
2036 586 2326 643 incuriam
2370 583 2797 661 adgnoscebat,
2840 605 2909 649 eo

734 670 1054 730 subvenire
1095 675 1162 727 ut
1193 687 1347 748 quae
1389 672 1456 727 in
1490 669 1653 727 illius
1697 671 1956 728 numeris
1993 667 2372 746 displicerent
2413 669 2487 727 ad
2534 670 2908 747 elegantioris

726 757 880 814 artis
923 772 1188 813 normam
1229 752 1540 830 redigeret.
1612 772 1803 834 neque
1847 757 2007 813 enim
2051 753 2236 813 ullam
2289 775 2528 814 causam
2571 774 2700 814 esse
2749 755 2910 816 vide-

728 859 867 899 «mus
910 858 1015 898 eur
1047 837 1446 917 Nipperdeius
1483 858 1680 916 opusc.
1725 859 1781 917 p.
1818 840 1940 897 491
1977 858 2253 898 versuum
2299 841 2510 899 satirae
2546 841 2912 900 Horatianae

730 927 1188 1004 praemissorum
1224 927 1565 1003 scriptorem
1593 923 2010 983 calumniando
2046 942 2170 982 rem
2195 926 2280 982 ita
2305 923 2614 984 detorsisse
2643 928 2910 984 statuerit

727 1016 819 1082 ut,
855 1031 989 1069 cum
1023 1012 1437 1085 grammaticus
1472 1009 1691 1069 Lucilii
1735 1029 1976 1067 manum
2007 1029 2129 1067 non
2164 1012 2481 1086 corrigere,
2528 1007 2635 1068 sed
2668 1013 2907 1070 remotis

728 1097 899 1153 vitiis
935 1094 1011 1153 ab
1046 1093 1179 1153 aliis
1213 1093 1550 1153 hominibus
1592 1093 1797 1153 inlatis
1838 1095 2144 1153 restituere
2188 1093 2504 1170 adgressus
2549 1102 2725 1167 esset,
2774 1114 2906 1153 eum

722 1183 895 1258 ipsos
929 1185 1140 1258 poetae
1173 1197 1377 1238 versus
1413 1177 1727 1238 emendare
1760 1178 1916 1238 velle
1952 1177 2187 1237 diceret.
2251 1178 2424 1251 unde,
2463 1180 2514 1237 si
2548 1179 2710 1238 aliud
2740 1178 2904 1252 nihil,

731 1265 847 1323 hoc
890 1264 1254 1343 perspicitur,
1299 1262 1506 1323 rudem
1551 1272 1735 1322 artem
1777 1265 2175 1342 antiquiorum
2218 1272 2524 1342 poetarum
2558 1263 2906 1323 Latinorum

724 1370 772 1407 a
808 1349 1037 1409 Catone
1068 1348 1530 1427 haudquaquam
1565 1347 1874 1426 probatam
1908 1368 2050 1408 esse.
2104 1350 2233 1427 ipsa
2263 1357 2464 1408 autem
2499 1341 2905 1425 grammatico-

732 1455 866 1494 rum
917 1437 1395 1513 poeticorumque
1437 1433 1766 1492 studiorum
1815 1437 1880 1492 in
1927 1452 1994 1492 eo
2041 1436 2376 1493 coniunctio
2421 1433 2599 1512 plane
2642 1433 2905 1492 Alexan-

724 1520 907 1578 ·drino
943 1520 1096 1577 mori
1131 1521 1422 1576 convenit.
1495 1517 1705 1597 quodsi
1741 1520 1873 1597 quis
1909 1517 2055 1577 haec
2090 1520 2285 1577 omnia
2321 1538 2454 1577 cum
2498 1521 2583 1578 eis
2619 1526 2907 1596 conponet

721 1622 888 1683 quae
925 1623 1104 1681 supra
1138 1622 1213 1662 ex
1250 1602 1534 1661 Suetonio
1570 1603 1899 1674 attulimus,
1946 1601 2121 1662 facile
2165 1603 2279 1662 sibi
2321 1603 2700 1682 persuadebit
2733 1603 2906 1664 Vale-

733 1693 888 1748 rium
925 1688 1211 1748 Catonem
1247 1687 1457 1746 ducem
1499 1695 1560 1748 et
1601 1690 1932 1767 principem
1973 1689 2157 1746 fuisse
2200 1690 2324 1748 eius
2365 1697 2670 1767 poetarum
2716 1699 2905 1748 sectae

722 1792 888 1853 quae
922 1776 1197 1832 extremis
1234 1771 1534 1831 decenniis
1570 1774 1807 1851 septimi
1843 1773 1919 1832 ab
1954 1774 2100 1833 urbe
2126 1772 2363 1831 condita
2399 1774 2617 1832 saeculi
2645 1774 2904 1833 Alexan-

728 1859 1041 1918 drinorum
1095 1858 1452 1917 carminibus
1505 1858 1765 1918 studiose
1814 1857 2151 1918 lectitandis
2209 1861 2654 1937 imitationeque
2715 1861 2906 1937 expri-

733 1943 964 2003 mendis
1009 1962 1201 2002 novae
1251 1946 1394 2001 artis
1436 1946 1611 2001 initia
1654 1951 1913 2021 poneret.
1983 1943 2191 2001 horum
2232 1951 2536 2021 poetarum
2581 1944 2901 2023 plerosque,

722 2033 773 2089 i.
819 2048 869 2089 e.
914 2047 1118 2088 omnes
1169 2047 1268 2087 eos
1320 2031 1425 2107 qui
1476 2032 1738 2087 carmina
1788 2031 2075 2087 amatoria
2125 2026 2416 2101 fecerunt,
2469 2026 2727 2087 Ovidius
2770 2028 2808 2086 l.
2856 2049 2901 2088 c.

733 2135 792 2172 v.
829 2115 1166 2173 427—442
1205 2123 1524 2172 enumerat.
1596 2134 1634 2172 a
1669 2134 1916 2193 quorum
1963 2115 2242 2172 societate
2285 2112 2445 2192 quod
2488 2113 2655 2172 abest
2687 2114 2902 2172 Furius

731 2197 1072 2271 Bibaculus,
1127 2218 1304 2277 quem
1357 2207 1418 2259 et
1463 2202 1660 2277 ipsum
1706 2199 1950 2259 Catonis
1995 2196 2347 2276 discipulum
2398 2197 2579 2257 fuisse
2632 2198 2900 2271 vidimus,

732 2283 876 2342 hinc
908 2303 1042 2342 cum
1067 2283 1429 2360 Nipperdeio
1466 2283 1504 2341 1.
1535 2304 1582 2343 c.
1609 2304 1668 2362 p.
1697 2284 1816 2341 501
1851 2282 2258 2343 concludimus
2294 2302 2429 2341 eum
2463 2283 2538 2341 ab
2573 2283 2679 2341 illo
2713 2286 2903 2362 poesis

728 2385 951 2445 genere
983 2386 1221 2445 prorsus
1256 2386 1319 2426 se
1354 2367 1724 2428 abstinuisse.
1794 2388 2002 2447 parum
2040 2371 2198 2426 enim
2241 2368 2548 2447 probabile
2594 2375 2684 2428 est
2723 2367 2903 2427 fuisse

718 2456 891 2512 finter
933 2471 1031 2512 eos
1076 2472 1237 2532 quOS,
1293 2461 1496 2511 contra
1538 2473 1610 2512 ac
1651 2452 1941 2526 Ticidam,
1987 2452 2267 2512 Metellae
2310 2473 2568 2512 amorem
2613 2452 2721 2526 sub
2765 2471 2901 2512 vero

726 2540 861 2598 eius
894 2540 1136 2598 nomine
1172 2540 1454 2597 cecinisse
1491 2535 1744 2598 Ovidius
1791 2537 2103 2616 significat.
2170 2540 2300 2597 istis
2347 2541 2530 2615 igitur
2571 2541 2760 2617 poetis
2793 2537 2904 2597 hoc

721 2643 1046 2684 commune
1108 2631 1235 2683 erat
1294 2623 1454 2702 quod
1522 2627 1920 2703 antiquiorum
1988 2631 2296 2702 poetarum
2356 2623 2729 2695 Latinorum,
2801 2626 2905 2702 qui

730 2709 1061 2769 Homerum
1101 2711 1471 2787 potissimum
1522 2716 1580 2767 et
1622 2712 1878 2785 tragicos
1922 2712 2290 2787 comicosque
2333 2708 2563 2767 Atticos
2607 2711 2733 2767 sive
2775 2726 2903 2766 ver-

729 2793 940 2855 tendos
975 2797 1102 2853 sive
1134 2793 1453 2852 imitandos
1490 2794 1604 2853 sibi
1641 2801 2024 2872 sumpserant,
2073 2796 2343 2870 vestigiis
2385 2793 2605 2852 relictis
2640 2792 2902 2852 Alexan-

722 2878 1032 2939 drinorum
1088 2882 1465 2958 maximeque
1509 2879 1859 2939 Callimachi
1912 2881 2168 2937 rationes
2221 2885 2281 2937 et
2331 2877 2666 2955 exemplum
2719 2880 2902 2937 secuti

728 2968 965 3024 minora
995 2971 1227 3023 tantum
1270 2964 1443 3023 modo
1488 2968 1752 3024 carmina
1795 2964 2223 3042 conponebant,
2267 2970 2334 3021 ut
2377 2963 2618 3041 epyllia,
2664 2962 2897 3039 elegias,

726 3050 976 3122 iambos,
1014 3053 1439 3128 epigrammata
1465 3058 1525 3109 et
1548 3049 1636 3107 id.
1649 3068 1837 3125 genus
1863 3049 1997 3107 alia.
2051 3055 2109 3108 et
2134 3051 2199 3106 in
2226 3050 2392 3125 epico
2426 3048 2662 3127 quidem
2690 3065 2902 3125 genere

731 3155 853 3193 non
887 3154 980 3193 res
1014 3136 1331 3206 Romanas,
1371 3137 1522 3192 sicut
1555 3142 1784 3193 veteres
1817 3134 1927 3205 illi,
1963 3132 2068 3193 sed
2094 3131 2453 3191 Graecorum
2490 3133 2723 3191 fabulas
2756 3140 2902 3190 trac-

730 3217 942 3277 tabant
976 3236 1192 3297 easque
1235 3221 1554 3297 praecipue
1596 3220 1713 3278 sibi
1755 3219 2056 3295 eligebant
2098 3237 2250 3296 quae
2294 3238 2425 3276 cum
2461 3217 2660 3296 paullo
2702 3236 2903 3276 recon-

731 3302 975 3362 ditiores
1020 3310 1231 3376 essent,
1276 3311 1401 3361 tum
1444 3323 1726 3380 magnum
1773 3303 2071 3363 doctrinae
2117 3302 2466 3381 adparatum
2510 3302 2901 3361 admitterent.

728 3391 797 3447 in
842 3406 912 3446 eo
955 3406 1197 3447 numero
1241 3395 1380 3447 sunt
1421 3395 1655 3464 praeter
1698 3388 1939 3448 Catonis
1984 3389 2350 3466 Dictynnam
2393 3388 2655 3466 Zmyrna
2697 3386 2902 3446 Helvii

726 3472 982 3545 Cinnae,
1027 3473 1095 3531 Io
1139 3471 1361 3531 Licinii
1406 3471 1596 3544 Calvi,
1645 3471 1906 3532 Glaucus
1951 3473 2270 3545 Cornificii,
2315 3472 2484 3531 Pelei
2528 3480 2589 3531 et
2630 3472 2902 3530 Thetidis

728 3561 974 3637 nuptiae
1010 3557 1247 3630 Catulli,
1294 3556 1794 3636 probabiliterque
1840 3562 2017 3617 etiam
2055 3557 2282 3636 Cybele
2324 3578 2361 3615 a
2397 3557 2657 3618 Caecilio
2702 3557 2903 3616 Novo.-

726 3647 987 3703 comensi
1030 3642 1308 3702 incohata
1351 3642 1531 3718 (conf.
1573 3663 1753 3721 supra
1784 3664 1838 3722 p.
1877 3641 2055 3714 LIII)
2103 3646 2228 3701 eius
2272 3641 2435 3700 modi
2479 3660 2716 3701 carmen
2760 3649 2900 3700 erat.

717 3748 847 3808 qua
880 3729 955 3788 ab
986 3728 1411 3788 consuetudine
1438 3728 1618 3807 plane
1641 3732 1975 3787 recessisset
2000 3728 2217 3787 Furius
2242 3727 2582 3797 Bibaculus,
2620 3730 2670 3785 si
2695 3745 2901 3786 verum

724 3821 882 3874 esset
913 3813 1075 3893 quod
1109 3814 1350 3880 scholiis
1384 3813 1733 3872 Horatianis
1770 3813 1846 3872 ad
1882 3820 1987 3871 sat.
2025 3813 2092 3873 ΙΙ
2128 3814 2163 3870 5
2204 3813 2286 3870 40
2322 3813 2526 3871 confisi
2562 3812 2744 3888 vulgo
2780 3830 2901 3872 cre-

717 3897 892 3970 dunt,
930 3917 1065 3958 eum
1102 3918 1336 3958 carmen
1371 3901 1604 3977 epicum
1642 3898 1714 3958 de
1748 3898 1904 3958 bello
1936 3898 2167 3958 Gallico
2204 3900 2595 3975 conposuisse.
2657 3905 2720 3955 at
2753 3896 2900 3955 falso

720 3982 790 4041 id
825 3982 987 4042 credi
1030 4002 1143 4042 nec
1183 3983 1429 4043 inrideri
1474 3983 1548 4043 ab
1593 3984 1844 4042 Horatio
1888 3983 2278 4055 Bibaculum,
2304 3982 2407 4040 sed
2449 3982 2698 4041 Furium
2732 3980 2902 4060 Alpi-

723 4087 869 4129 num
904 4066 1201 4147 quendam
1235 4067 1477 4127 aliunde
1511 4088 1634 4127 non
1668 4076 1873 4127 notum
1918 4067 2094 4127 fidem
2139 4068 2285 4125 mihi
2328 4065 2469 4126 fecit
2503 4065 2902 4146 Nipperdeius

720 4151 763 4211 1.
810 4172 857 4212 c.
901 4173 958 4231 p.
997 4154 1120 4210 499
1151 4171 1222 4212 ss.
1296 4153 1485 4214 Varro
1538 4160 1736 4212 autem
1779 4153 2097 4223 Atacinus,
2153 4173 2287 4211 cum
2328 4171 2564 4211 carmen
2610 4172 2781 4211 suum
2827 4150 2901 4210 de

717 4237 880 4298 bello
925 4237 1260 4317 Sequanico
1309 4237 1611 4312 conderet,
1666 4238 1982 4299 Ennianae
2034 4240 2211 4298 etiam
2266 4239 2379 4296 arti
2433 4237 2902 4316 disciplinaeque
