3225 5171
696 452 817 492 Lxx
1560 449 2013 492 PROLEGOMENA

698 570 992 641 VolusiUS‚
1045 574 1220 647 poeta
1263 568 1578 627 Ennianae
1630 572 1772 627 artis
1825 569 2119 628 studiosus
2170 587 2280 628 nec
2322 571 2590 646 ingratus
2631 569 2878 648 popu10,

699 674 809 734 per
857 673 920 713 se
969 674 1091 712 non
1142 655 1282 711 satis
1336 662 1471 732 apte
1522 653 1782 731 profecto
1835 656 2247 733 aequiperatur
2288 652 2644 713 Antimacho
2698 655 2873 714 Colo-

698 740 935 819 phonio,
984 737 1191 797 doctae
1225 742 1418 816 poesis
1453 741 1704 796 antistiti
1739 745 1798 798 et
1831 743 1935 818 qui
1969 742 2033 798 in
2068 739 2241 798 rebus
2278 760 2399 797 non
2434 741 2638 817 paucis
2674 758 2869 799 exem-

698 824 861 903 plum
895 823 1322 882 Alexandrinis
1365 826 1552 901 poetis
1594 824 1946 902 praebuerit.
2018 824 2122 883 sed
2164 824 2391 882 suffecit
2434 823 2667 884 Catullo
2711 824 2876 903 quod

697 913 748 969 is
786 908 1148 970 Callimacho
1184 912 1463 984 magistro
1498 909 1842 986 inprobatus
1879 915 2019 968 erat.
2074 912 2240 968 cuius
2274 908 2436 967 modi
2469 911 2654 967 nimia
2690 909 2873 968 alieni

698 995 904 1054 iudicii
954 996 1203 1052 imitatio
1247 993 1751 1053 adulescentulum
1792 994 2036 1071 prodere
2081 993 2318 1053 videtur
2361 993 2597 1053 scholae
2638 994 2872 1072 placitis

697 1079 831 1159 plus
884 1099 1070 1158 aequo
1125 1081 1301 1138 etiam
1351 1079 1707 1158 inplicitum,
1771 1079 2306 1157 confirmanturque
2357 1079 2498 1138 hinc
2547 1099 2747 1138 rursus
2800 1098 2873 1137 ea

699 1184 852 1244 quae
888 1184 1064 1243 supra
1099 1163 1173 1222 de
1216 1171 1474 1243 tempore
1520 1167 1845 1222 carminum
1879 1164 2053 1223 XCV
2089 1172 2147 1223 et
2178 1164 2388 1223 XCVa
2423 1164 2870 1241 disputavimus,

825 1250 955 1308 Iam
990 1253 1041 1308 si
1075 1249 1247 1327 plura
1288 1249 1459 1308 nobis
1493 1247 1941 1308 Alexandrinae
1984 1251 2175 1327 poesis
2218 1258 2595 1308 monumenta
2639 1258 2873 1308 servata

698 1343 908 1408 essent,
944 1335 1129 1393 multo
1163 1333 1415 1413 plenius,
1452 1341 1739 1413 quantum
1774 1333 2045 1393 Catullus
2082 1353 2158 1393 ex
2194 1353 2264 1392 ea
2297 1332 2571 1412 pendeat,
2609 1333 2876 1394 iudicare

696 1421 913 1480 liceret.
985 1440 1143 1478 nunc
1188 1421 1252 1476 in
1293 1425 1460 1476 tanta
1504 1421 1827 1477 carminum
1871 1418 2412 1477 Alexandrinorum
2464 1423 2692 1478 iactura
2732 1419 2876 1478 huic

698 1506 1028 1585 quaestioni
1071 1524 1190 1561 non
1233 1510 1424 1582 potest
1465 1505 1584 1562 nisi
1628 1523 1704 1563 ex
1746 1511 1911 1581 parte
1956 1507 2097 1562 satis
2142 1504 2286 1563 fieri.
2357 1506 2564 1581 igitur,
2617 1512 2685 1562 ut
2728 1524 2765 1563 a
2806 1523 2871 1563 re

696 1591 876 1669 longe
928 1591 1252 1649 certissima
1295 1587 1619 1661 ordiamur,
1673 1608 1898 1647 comam
1938 1589 2253 1648 Berenices
2297 1589 2410 1649 sibi
2466 1607 2872 1667 expressam

699 1695 826 1735 esse
861 1695 895 1734 e
930 1674 1293 1735 Callimacho
1328 1677 1458 1752 ipse
1491 1680 1668 1751 poeta
1700 1681 1949 1732 testatur
1983 1695 2032 1733 c.
2063 1674 2239 1734 LXV
2269 1676 2364 1732 16.
2416 1693 2610 1753 neque
2645 1681 2735 1734 est
2768 1694 2873 1733 cur

698 1761 1026 1820 dubitemus
1080 1761 1224 1838 quin
1277 1758 1544 1819 Catullus
1559 1807 1571 1831 ,
1634 1758 1832 1837 quoad
1889 1759 2060 1817 metri
2113 1760 2430 1818 necessitas
2488 1761 2870 1838 permitteret,

698 1850 841 1905 satis
878 1853 1149 1905 accurate
1187 1844 1437 1921 elegiam
1471 1842 1785 1903 Battiadae
1820 1846 2185 1903 converterit.
2240 1844 2396 1903 conf.
2423 1843 2492 1904 O.
2523 1843 2873 1904 Schneideri

698 1931 1228 1993 Callimacheorum
1253 1929 1369 1988 vol.
1397 1929 1480 2003 Π,
1506 1950 1563 2007 p.
1595 1930 1715 1986 146
1746 1949 1817 1988 ss.
1856 1948 2009 2008 quae
2044 1936 2239 1988 autem
2270 1929 2410 1987 huic
2445 1929 2671 2006 elegiae
2704 1949 2896 2008 praef

696 2021 876 2076 missa
921 2022 1009 2075 est
1061 2015 1137 2074 ad
1183 2014 1454 2075 Ortalum
1505 2014 1774 2092 epistula,
1829 2032 1902 2073 ea
1952 2016 2211 2091 imagine
2264 2016 2609 2074 terminatur
2660 2014 2871 2073 coloris

694 2122 932 2182 prorsus
974 2100 1396 2173 Alexandrini,
1451 2107 1518 2157 ut
1569 2100 1790 2158 fuerint
1833 2101 1937 2178 qui
1987 2106 2305 2177 praeeunte
2348 2099 2711 2159 Rossbachio
2765 2118 2874 2158 sex

695 2207 899 2247 versus
953 2194 1244 2246 extremos
1291 2205 1328 2243 a
1370 2183 1857 2262 praecedentibus
1908 2185 2202 2243 seiunctos
2254 2205 2359 2263 pro
2409 2192 2580 2263 parte
2630 2184 2871 2244 alterius

698 2271 1001 2332 cuiusdam
1038 2271 1263 2346 elegiae
1298 2269 1501 2328 itidem
1537 2290 1573 2327 a
1609 2269 1845 2329 Catullo
1882 2288 1916 2328 e
1951 2269 2310 2329 Callimacho
2348 2288 2659 2348 expressae
2693 2269 2875 2329 habe-

695 2364 842 2416 rent.
906 2355 1057 2414 conf.
1096 2355 1160 2414 C.
1197 2354 1497 2413 Diltheius
1534 2353 1608 2413 de
1645 2353 1875 2414 Callim.
1916 2353 2191 2433 Cydippa
2225 2375 2281 2432 p.
2319 2354 2416 2412 65.
2479 2373 2682 2413 verum
2725 2354 2874 2414 haec

698 2442 897 2521 opinio
935 2442 1055 2499 iam
1099 2438 1174 2498 ab
1219 2438 1591 2518 aequalitatis
1635 2439 1961 2498 rationibus
2005 2442 2338 2498 reiectanea
2382 2446 2487 2498 est.
2556 2459 2697 2497 nam
2738 2461 2902 2503 cum.

695 2527 945 2607 protasis
979 2525 1162 2602 longa
1204 2523 1623 2583 interclusione
1666 2531 1839 2582 aucta
1879 2543 1986 2603 per
2027 2524 2493 2604 quattuordecim
2525 2543 2731 2584 versus
2773 2524 2880 2585 de-

699 2619 908 2685 currat,
962 2611 1118 2670 male
1169 2616 1510 2690 sequeretur
1560 2609 1833 2686 apodosis
1878 2609 2104 2669 duobus
2146 2619 2375 2670 tantum
2419 2610 2684 2669 distichis
2737 2631 2879 2670 con-

697 2698 1003 2777 prehensa.
1073 2698 1275 2774 itaque
1310 2697 1393 2754 sic
1436 2698 1631 2772 potius
1676 2697 2003 2767 statuimus,
2051 2695 2349 2755 Catullum
2390 2714 2468 2755 ne
2510 2698 2575 2753 in
2618 2696 2880 2773 epistula*

699 2783 936 2863 quidem
971 2801 1125 2861 quae
1160 2801 1388 2840 comam
1422 2780 1737 2839 Berenices
1772 2779 1849 2837 ad
1878 2778 2147 2844 Ortalum
2182 2779 2532 2839 mittendam
2568 2783 2867 2840 comitare-

697 2878 792 2928 tur
841 2869 914 2928 ab
966 2869 1245 2926 universa
1286 2863 1739 2925 Alexandrinae
1789 2868 1983 2943 poesis
2026 2865 2228 2925 indole
2277 2865 2554 2925 recedere
2595 2865 2869 2925 voluisse.

699 2953 912 3014 deinde
945 2951 1249 3032 praeclara
1282 2950 1388 3009 illa
1422 2949 1500 3009 ad
1533 2948 1764 3009 Allium
1799 2950 2007 3027 elegia,
2053 2951 2163 3010 etsi
2196 2957 2321 3009 tota
2354 2950 2529 3010 rebus
2564 2949 2642 3008 ad
2683 2954 2871 3028 ipsius

698 3042 883 3098 vitam
932 3045 1143 3115 poetae
1195 3035 1625 3115 pertinentibus
1678 3037 1901 3107 nititur,
1956 3034 2215 3094 dubitari
2267 3042 2464 3095 tamen
2505 3055 2625 3093 non
2678 3043 2873 3114 potest

697 3126 842 3204 quin
875 3124 941 3181 in
975 3121 1172 3181 media
1207 3120 1415 3180 saltem
1449 3127 1616 3198 parte
1660 3120 1836 3198 plane
1873 3119 1951 3178 ad
1995 3120 2298 3199 exemplar
2329 3119 2871 3180 Alexandrinarum

698 3209 1020 3285 elegiarum
1058 3208 1360 3283 conposita
1397 3207 1498 3263 sit:
1544 3212 1665 3262 tam
1699 3205 2010 3264 artificiose
2044 3205 2131 3264 ibi
2166 3208 2493 3264 encomium
2528 3207 2719 3264 amici·
2738 3226 2871 3265 cum

697 3294 952 3354 Lesbiae
994 3290 1270 3349 laudibus
1314 3297 1372 3349 et
1411 3288 1775 3348 Laodamiae
1819 3292 2033 3348 amoris
2076 3295 2413 3350 narratione
2459 3298 2515 3349 et
2562 3290 2760 3349 fratris
2806 3293 2872 3350 in

698 3388 856 3438 terra
889 3377 1153 3433 Troiana
1195 3378 1410 3433 mortui
1451 3374 1874 3434 lamentatione
1917 3376 2263 3448 conectitur,
2310 3375 2738 3454 manifestaque
2783 3385 2874 3435 est

697 3466 769 3522 in'
799 3460 1315 3539 conparationibus
1349 3461 1732 3537 potissimum,
1769 3479 2017 3538 quarum
2045 3463 2281 3519 omnino
2309 3480 2560 3538 magnus
2595 3480 2870 3520 numerus

697 3551 1016 3618 invenitur,
1062 3544 1353 3625 quaedam
1394 3545 1790 3624 exquisitioris
1832 3544 2134 3604 doctrinae
2179 3548 2449 3623 captati0.
2521 3544 2878 3624 epylliorum

700 3642 896 3694 autem
938 3629 1483 3689 Alexandrinorum
1531 3631 1859 3688 imitatione
1902 3629 2147 3708 adparet
2190 3649 2425 3689 carmen
2477 3629 2550 3688 de
2593 3630 2760 3690 Pelei
2813 3640 2876 3689 et

697 3718 971 3778 Thetidis
1006 3717 1228 3793 nuptiis
1265 3716 1486 3774 factum
1521 3733 1665 3774 esse.
1735 3734 1888 3793 quae
1920 3714 2157 3794 quidem
2189 3717 2442 3773 imitatio
2477 3714 2667 3793 qualis
2703 3718 2780 3774 sit
2813 3723 2876 3775 et

700 3805 915 3883 quibus
957 3802 1325 3881 potissimum
1369 3818 1445 3858 ex
1486 3799 1663 3858 rebus
1709 3807 2096 3875 cognoscatur
2136 3801 2217 3859 M.
2254 3800 2552 3877 Hauptius
2607 3800 2872 3878 opuscul.

699 3892 782 3962 II,
819 3908 876 3967 p.
917 3888 993 3945 75
1024 3906 1099 3944 ss.
1145 3884 1592 3957 demonstravit,
1648 3882 1922 3963 idemque
1966 3883 2164 3943 docuit
2207 3884 2532 3957 Catullum,
2579 3904 2712 3943 cum
2755 3884 2875 3944 for-

701 3994 859 4033 mam
891 3969 1340 4030 Alexandrinae
1373 3971 1564 4048 poesis
1601 3968 1822 4047 epyllio
1859 3988 1963 4029 suo
2001 3972 2375 4047 exprimeret,
2420 3988 2534 4027 nec
2574 3968 2653 4027 ad
2687 3990 2893 4040 unum*

701 4059 910 4117 ducem
945 4076 1007 4115 se
1043 4054 1383 4114 adiunxisse
1419 4072 1608 4132 neque
1644 4053 1718 4111 ab
1756 4054 2183 4133 antiquioribus
2219 4056 2406 4132 poetis
2443 4053 2685 4113 Graecis
2719 4055 2876 4114 nihil

701 4150 1031 4203 mutuatum
1084 4158 1226 4199 esse.
1295 4139 1444 4199 conf.
1491 4141 1667 4197 etiam
1719 4137 1784 4197 C.
1829 4139 1895 4197 P.
1944 4138 2251 4198 Schulzius
2300 4142 2367 4198 in
2419 4138 2613 4197 annal.
2667 4140 2872 4219 philol.

705 4228 956 4301 CXXV,
993 4248 1048 4306 p.
1089 4226 1213 4283 210
1239 4244 1311 4285 ss.
1383 4223 1651 4283 similiter
1686 4222 1761 4282 de
1794 4224 1999 4283 Attine
2032 4224 2269 4284 videtur
2300 4223 2684 4284 iudicandum
2730 4244 2888 4292 esse.-
