3225 5171
770 443 935 484 Lxxx
1637 442 1834 484 PROLE
1841 442 2091 485 GOMENA

768 563 936 621 tione
971 559 1182 638 dignos
1218 559 1597 620 existimabat
1632 558 2214 621 contumeliosissime
2247 567 2517 622 tractare.
2589 563 2756 621 cuius
2792 580 2949 621 acer·

773 648 1020 707 bitatem
1069 648 1134 703 in
1185 644 1398 704 iambis
1444 643 1851 717 Quintilianus
1893 646 1958 705 X
1996 649 2027 704 1
2081 648 2159 704 96
2214 649 2300 704 ita
2354 648 2833 706 commemoravit
2882 657 2948 706 ut

774 732 931 792 hanc
973 732 1029 789 ei
1069 732 1448 809 praecipuam
1489 731 1664 790 huius
1714 740 1924 808 poetae
1967 730 2205 790 laudem
2247 734 2436 791 visam
2483 751 2610 791 esse
2646 731 2945 810 adpareat.

767 825 1035 877 ceterum
1066 816 1131 873 in
1156 815 1564 875 consectandis
1598 818 1855 875 inimicis
1883 815 2184 876 Catullum
2220 815 2374 876 male
2401 817 2639 877 dicendi
2664 816 2949 877 ulciscen-

770 901 957 980 dique
991 899 1314 978 cupiditate
1348 900 1659 979 abreptum
1685 920 1879 960 rerum
1908 901 2266 960 obiectarum
2304 902 2482 961 fidem
2516 922 2636 961 non
2670 900 2949 978 religiose

765 985 1094 1046 admodum
1129 986 1427 1045 curavisse
1462 988 1867 1065 unusquisque
1901 986 2079 1046 facile
2115 987 2412 1046 concedet.
2484 1006 2691 1047 verum
2724 987 2837 1046 hoc
2874 1006 2948 1046 ex

768 1072 1144 1150 antiquitatis
1179 1070 1440 1138 motibus
1474 1070 1877 1130 iudicandum.
1947 1090 2059 1131 nec
2104 1072 2276 1131 aliter
2310 1072 2567 1132 obscena
2601 1091 2754 1153 quae
2790 1071 2949 1150 apud

774 1156 1080 1218 Catullum
1120 1155 1401 1231 leguntur
1443 1157 1897 1215 aestimabimus.
1969 1177 2089 1236 qua
2127 1165 2328 1216 tamen
2370 1159 2435 1216 in
2477 1176 2542 1217 re
2586 1156 2947 1217 monendum

768 1251 867 1303 est
898 1249 1135 1321 poetam
1168 1241 1589 1315 Veronensem,
1635 1249 1702 1300 ut
1745 1261 1866 1300 non
1909 1262 2044 1301 raro
2087 1242 2283 1301 verbis
2325 1243 2619 1323 rebusque
2653 1261 2946 1321 spurcum,

770 1331 860 1388 ita
895 1328 969 1386 ab
1007 1326 1309 1387 Ovidiana
1342 1328 1455 1385 ista
1489 1328 1722 1405 pictura
1755 1325 2021 1386 libidinis
2056 1327 2234 1405 plane
2268 1326 2529 1391 alienum
2564 1346 2709 1387 esse.

902 1413 1074 1471 Haec
1108 1411 1183 1470 de
1217 1409 1419 1470 indole
1446 1410 1670 1470 Catulli
1696 1411 1994 1489 disputata
2020 1414 2130 1472 etsi
2155 1432 2191 1470 a
2219 1412 2544 1471 minoribus
2579 1414 2946 1491 potissimum

766 1496 1135 1557 carminibus
1162 1503 1301 1554 sunt
1327 1495 1522 1570 ducta,
1559 1495 1775 1575 quibus
1800 1496 1902 1556 ille
1934 1499 2277 1576 primariam
2302 1497 2417 1556 sibi
2452 1497 2687 1557 laudem
2716 1499 2944 1568 meruit,

770 1591 973 1642 tamen
1010 1583 1286 1640 universe
1321 1582 1500 1640 etiam
1535 1583 1597 1639 in
1636 1584 1860 1641 maiora
1895 1591 1955 1640 et
1992 1581 2254 1641 doctiora
2289 1582 2524 1656 cadunt,
2561 1601 2755 1661 neque
2789 1590 2947 1642 recte

766 1666 957 1743 vulgo
993 1674 1229 1745 poetam
1262 1686 1499 1744 prorsus
1534 1665 1720 1725 alium
1754 1669 1819 1724 in
1852 1666 1980 1739 hoc,
2018 1667 2201 1725 alium
2234 1687 2471 1746 prorsus
2499 1670 2563 1726 in
2598 1667 2702 1726 illo
2730 1685 2946 1743 genere

768 1771 903 1812 esse
939 1759 1220 1811 statuunt.
1293 1760 1450 1811 certe
1493 1753 1543 1810 is
1586 1753 1653 1810 in
1695 1750 1907 1810 alienis
1944 1752 2249 1812 affectibus
2287 1751 2687 1812 describendis
2719 1755 2829 1810 vix
2859 1755 2948 1811 in·

770 1837 955 1896 ferior
998 1844 1086 1895 est
1121 1855 1300 1915 quam
1333 1839 1398 1895 in
1433 1839 1570 1909 suis,
1617 1844 1685 1895 ut
1715 1836 2023 1896 Ariadnae
2058 1845 2116 1897 et
2147 1837 2375 1896 Attinis
2420 1837 2714 1917 querellae
2759 1846 2947 1897 osten·

768 1922 941 1993 dunt,
987 1921 1264 2000 idemque
1299 1924 1364 1981 in
1400 1921 1593 1998 elegia
1628 1921 1706 1979 ad
1739 1920 1969 1980 Allium
2006 1924 2238 2001 scripta,
2286 1942 2644 2001 quamquam
2681 1921 2946 1981 consulto

768 2007 978 2066 doctas
1033 2006 1394 2067 Graecorum
1464 2006 1698 2066 fabulas
1758 2006 2098 2080 admiscuit,
2161 2006 2348 2066 nihilo
2398 2010 2594 2066 minus
2647 2009 2947 2084 egregiam

768 2113 1016 2152 suarum
1041 2111 1238 2151 rerum
1256 2094 1592 2191 imaginem
1627 2094 2107 2169 repraesentavit.
2178 2111 2371 2171 neque
2405 2112 2545 2151 vero
2580 2092 2728 2150 haec
2764 2092 2946 2151 Alex·

769 2178 1065 2237 andrinae
1109 2178 1302 2255 poesis
1358 2179 1608 2235 imitatio
1655 2178 1976 2236 maioribus
2020 2178 2149 2236 istis
2193 2178 2553 2236 carminibus
2597 2196 2723 2236 sese
2767 2179 2946 2236 conti-

774 2269 895 2335 net,
942 2260 1061 2333 sed,
1106 2268 1174 2319 ut
1217 2281 1395 2338 supra
1437 2261 1712 2335 vidimus,
1757 2269 1921 2340 patet
1953 2261 2147 2321 latius.
2218 2270 2280 2321 at
2321 2262 2456 2340 plus
2492 2265 2732 2321 omnino
2770 2282 2948 2340 quam

772 2346 1203 2407 Alexandrinis
1240 2345 1512 2405 Catullus
1557 2366 1663 2405 suo
1707 2348 1948 2423 ingenio
1993 2347 2261 2419 debebat,
2310 2355 2551 2426 eratque
2585 2357 2800 2406 natura
2831 2347 2946 2404 Ar-

773 2431 1044 2490 chilocho
1080 2438 1139 2489 et
1172 2429 1434 2489 Aeolicis
1469 2431 1708 2491 vatibus
1736 2434 2134 2512 propinquior.
2189 2431 2400 2510 quodsi
2428 2434 2725 2511 poematia
2758 2431 2947 2526 lyrica

772 2537 912 2576 cum
956 2516 1168 2574 iambis
1214 2518 1773 2596 epigrammatisque
1817 2520 2023 2575 ceteris
2060 2519 2184 2576 eius
2221 2518 2579 2577 carminibus
2614 2520 2678 2575 in
2714 2510 2946 2576 univer-

769 2623 907 2663 sum
941 2600 1292 2681 perfectiora
1327 2610 1464 2661 sunt
1498 2600 1835 2674 iudicanda,
1872 2602 1936 2660 id
1970 2603 2126 2661 hanc
2159 2605 2475 2682 praecipue
2502 2623 2740 2661 causam
2767 2602 2947 2662 habet

771 2687 937 2769 quod
979 2687 1085 2746 illa
1125 2706 1345 2763 genera
1382 2685 1758 2746 Catullianae
1802 2686 1993 2745 indoli
2035 2688 2220 2747 multo
2263 2691 2452 2765 magis
2499 2687 2945 2747 conveniebant.

775 2792 970 2853 neque
1003 2772 1180 2832 facile
1215 2772 1313 2830 hic
1344 2774 1410 2832 in
1443 2791 1516 2832 ea
1548 2774 1696 2830 vitia
1729 2774 2028 2833 incurrere
2059 2776 2253 2851 potuit
2284 2781 2461 2852 poeta
2495 2792 2648 2852 quae
2682 2772 2946 2832 Alexan-

768 2859 986 2919 drinae
1019 2860 1162 2917 artis
1203 2860 1443 2936 propria
1482 2861 1550 2917 in
1592 2858 1912 2916 maioribus
1948 2857 2306 2916 carminibus
2350 2878 2471 2917 non
2505 2877 2737 2937 semper
2772 2857 2947 2925 decli-

775 2947 970 3017 navit,
1031 2944 1289 3022 partium
1349 2943 1481 3001 dico
1545 2943 2029 3022 inaequalitatem
2089 2945 2454 3021 nimiumque
2508 2943 2945 3020 degressionum

772 3030 1081 3101 ambitum,
1127 3028 1340 3107 quibus
1384 3029 1545 3086 vitiis
1589 3030 1653 3085 in
1703 3029 1907 3106 primis
1953 3027 2216 3106 epyllion
2262 3027 2336 3086 de
2369 3027 2537 3088 Pelei
2572 3035 2631 3087 et
2671 3027 2944 3088 Thetidis

779 3115 1004 3194 nuptiis
1037 3112 1284 3186 laborat,
1323 3132 1469 3191 opus
1504 3115 1805 3191 ceteroqui
1840 3116 1999 3171 omni
2035 3132 2224 3191 paene
2257 3132 2501 3172 numero
2537 3114 2838 3173 eximium.

905 3197 1236 3258 Virtutibus
1279 3205 1491 3275 poetae
1532 3217 1681 3276 quas
1725 3200 1973 3274 exposui
2014 3197 2192 3277 plane
2235 3200 2509 3275 congruit
2559 3218 2749 3258 sermo
2792 3200 2943 3258 eius:

772 3293 870 3342 est
904 3284 1064 3342 enim
1104 3281 1375 3360 simplex,
1420 3284 1782 3361 perspicuus,
1829 3282 2154 3355 distinctae,
2192 3283 2487 3343 excellens
2521 3285 2814 3342 suavitate
2848 3301 2946 3343 ne-

770 3385 894 3447 que
927 3385 1069 3426 vero
1101 3366 1310 3426 robore
1345 3373 1405 3425 et
1437 3369 1637 3425 nervis
1672 3366 1999 3426 destitutus.
2061 3367 2300 3447 quando
2338 3375 2534 3426 autem
2572 3366 2841 3427 Catullus
2878 3387 2948 3428 ea

777 3454 932 3511 vixit
966 3459 1158 3511 aetate
1195 3471 1313 3529 qua
1348 3452 1425 3511 ab
1458 3449 1594 3509 rudi
1631 3460 1755 3510 arte
1782 3460 2049 3511 veterum
2082 3461 2387 3531 poetarum
2412 3454 2650 3511 transiri
2677 3460 2946 3531 coeptum

776 3545 868 3597 est
893 3536 972 3597 ad
996 3536 1262 3596 limatam
1288 3536 1645 3612 elegantiam
1672 3555 1875 3596 eorum
1901 3540 2006 3616 qui
2028 3538 2293 3615 Augusti
2317 3546 2579 3616 tempore
2607 3537 2944 3610 floruerunt,

772 3631 1239 3683 consentaneum
1259 3628 1347 3682 est
1372 3624 1437 3680 in
1465 3624 1730 3681 oratione
1756 3624 1898 3694 eius,
1935 3625 2156 3701 pariter
2181 3633 2358 3702 atque
2385 3625 2447 3680 in
2482 3625 2758 3695 numeris,
2796 3625 2950 3682 inter

778 3708 1035 3787 plurima
1067 3728 1355 3768 novorum
1388 3706 1715 3767 studiorum
1750 3708 1922 3783 signa
1956 3710 2133 3766 etiam
2158 3711 2354 3767 varias
2389 3710 2674 3786 pristinae
2709 3726 2948 3767 consuc-

772 3793 1002 3853 tudinis
1045 3793 1326 3872 reliquias
1369 3794 1643 3852 inveniri.
1716 3811 1869 3870 quae
1908 3811 2003 3851 res
2048 3796 2159 3851 etsi
2193 3813 2231 3851 a
2264 3795 2500 3852 nemine
2543 3792 2737 3851 adhuc
2771 3791 2948 3871 plene

778 3886 1031 3937 tractata
1065 3887 1166 3951 est,
1214 3886 1412 3937 tamen
1445 3896 1636 3955 nuper
1670 3877 1980 3955 conplures
2015 3897 2251 3956 operam
2289 3877 2665 3957 studiumque
2698 3880 2763 3936 in
2797 3878 2951 3936 inlu-

739 3963 1082 4022 ¹strandam
1125 3983 1256 4023 eam
1301 3962 1703 4035 contulerunt,
1755 3961 2096 4022 Fridericus
2138 3964 2516 4023 Heussnerus
2559 3966 2624 4021 in
2679 3962 2950 4022 disserta·

776 4051 940 4107 tione
1008 4047 1426 4125 Marburgensi
1494 4066 1646 4126 quae
1715 4049 1999 4126 inscripta
2059 4056 2148 4107 est
2224 4048 2688 4109 ‘observationes
2758 4067 2950 4124 gram·

772 4135 1031 4193 maticae
1072 4134 1138 4192 in
1183 4132 1404 4192 Catulli
1449 4134 1585 4192 Ver.
1630 4130 1872 4190 librum’
1917 4131 2252 4212 prodiitque
2296 4152 2348 4191 a.
2398 4134 2580 4206 1869,
2630 4131 2949 4210 Adolphus

766 4218 1075 4280 Reeckius
1109 4220 1174 4278 in
1210 4218 1434 4279 dissert.
1472 4216 1928 4277 Vratislaviensi
1973 4216 2074 4277 ‘de
2111 4217 2580 4277 Catullianorum
2624 4220 2953 4277 carminum
