3225 5171
798 446 987 488 XXXIV
1663 445 2075 488 PROLEGOMEN
2080 446 2118 487 A

800 570 903 624 est.
940 595 1025 604 —-
1059 566 1166 621 vix
1207 566 1401 622 minus
1444 562 1614 623 nobis
1651 563 1890 642 quidem
1925 567 2028 643 qui
2064 583 2192 624 sero
2226 566 2483 624 vivimus
2533 566 2847 626 obscurum
2890 570 2984 623 est

803 669 852 708 c.
884 647 1112 720 CXIII,
1151 647 1309 727 quod
1335 648 1621 726 Pompeio
1648 651 1864 707 iterum
1901 648 2158 722 consule,
2194 649 2251 709 h.
2282 669 2331 709 e.
2360 670 2410 708 a.
2442 646 2668 729 699s55
2699 651 2979 727 scriptum

800 752 927 794 esse
978 751 1183 792 versus
1237 732 1528 793 secundus
1580 732 1767 792 docet.
1839 741 2017 812 atque
2069 732 2133 792 id
2175 733 2415 813 quidem
2468 742 2692 795 certum
2741 734 2980 794 videtur

796 820 974 898 primi
1033 825 1093 876 et
1153 817 1393 877 alterius
1452 818 1723 896 Pompeii
1782 817 2121 879 consulatus
2183 823 2793 880 commemorationem
2853 839 2977 877 non

800 902 990 963 solum
1035 905 1314 982 temporis
1359 902 1684 962 definiendi
1736 922 1915 964 causa
1966 904 2113 977 fieri,
2166 904 2271 963 sed
2320 907 2624 984 proprium
2677 902 2978 984 quoddam

794 1008 1047 1048 acumen
1080 988 1315 1060 habere,
1349 1007 1591 1067 remque
1625 991 1690 1046 in
1723 987 1836 1048 hoc
1872 990 2293 1066 epigrammate
2327 990 2719 1065 significatam
2760 988 2834 1047 ab
2871 987 2976 1047 illo

797 1094 920 1133 non
954 1073 1131 1151 plane
1167 1073 1421 1132 alienam
1465 1073 1666 1132 fuisse.
1736 1072 1842 1132 sed
1884 1073 2130 1133 ulterius
2162 1075 2441 1152 progredi
2484 1077 2547 1134 in
2593 1076 2772 1133 tantis
2816 1081 2975 1132 tene-

796 1159 919 1217 bris
965 1179 1086 1217 non
1131 1157 1433 1230 audemus,
1477 1176 1674 1236 neque
1709 1156 2005 1217 Schwabii
2048 1179 2105 1236 p.
2154 1161 2274 1217 213
2306 1179 2378 1218 ss.
2423 1159 2842 1220 confidentiam
2886 1160 2975 1216 in-

795 1243 1129 1320 tellegimus
1165 1263 1283 1322 qua
1312 1242 1628 1303 Caesarem
1663 1251 1723 1302 et
1750 1243 2114 1302 Mamurram
2147 1252 2214 1302 ut
2237 1245 2488 1318 Muciae,
2524 1245 2796 1323 Pompeii
2831 1242 2974 1302 olim

792 1331 1014 1399 uxoris,
1059 1326 1355 1388 adulteros
1397 1357 1483 1367 —
1525 1348 1668 1387 nam
1709 1326 1997 1387 Pleitneri
2044 1331 2441 1388 coniecturam
2484 1329 2791 1407 amplexus
2835 1348 2894 1385 v.
2933 1329 2972 1384 2

794 1416 1086 1471 Masillam
1112 1432 1218 1491 pro
1245 1415 1564 1471 Maeciliam
1590 1412 1739 1489 legit
1762 1443 1849 1455 —
1874 1412 2175 1490 designari
2200 1413 2521 1474 contendit.
2574 1416 2671 1473 cui
2706 1414 2972 1492 opinioni

792 1519 916 1558 non
949 1517 1141 1575 pauca
1172 1497 1439 1576 profecto
1476 1496 1556 1556 ad
1588 1496 2065 1576 probabilitatem
2101 1497 2329 1559 desunt.
2364 1530 2451 1539 —
2485 1502 2751 1578 sequitur
2794 1504 2860 1556 ut
2895 1497 2971 1556 de

793 1582 1154 1642 carminibus
1195 1580 1405 1641 XCIV
1441 1582 1551 1643 CV
1586 1581 1795 1644 CXIV
1830 1581 2003 1643 CXV
2045 1592 2280 1659 agatur,
2326 1586 2392 1643 in
2436 1583 2650 1663 quibus
2700 1581 2970 1643 Catullus

791 1668 1089 1727 hominem
1143 1667 1439 1747 quendam
1492 1668 1599 1727 sub
1654 1669 1894 1728 nomine
1934 1668 2238 1728 Mentulae
2285 1668 2449 1727 haud
2501 1668 2680 1728 dubie
2728 1666 2972 1728 ludibrii

793 1773 972 1812 causa
1007 1752 1141 1812 ficto
1178 1751 1456 1812 adoritur.
1513 1771 1689 1832 quem
1723 1773 1844 1812 non
1879 1771 2007 1812 esse
2034 1753 2217 1812 alium
2244 1772 2426 1832 quam
2452 1753 2813 1812 Mamurram
2847 1755 2969 1811 iam

791 1837 1026 1897 saeculo
1073 1846 1237 1897 sexto
1274 1836 1500 1898 decimo
1547 1837 1857 1916 conplures
1902 1840 2272 1914 grammatici
2312 1846 2755 1917 perspexerunt.
2826 1857 2969 1895 nam

790 1941 944 2002 quae
976 1924 1042 1981 in
1076 1923 1265 1982 tribus
1299 1922 1511 2002 horum
1538 1925 2029 2000 epigrammatum
2055 1925 2424 2000 castigantur
2449 1925 2614 1996 vitia,
2651 1922 2971 1982 immodica

682 2068 685 2073 ,
786 2007 974 2067 libido
1025 2026 1283 2068 venerea
1335 2007 1794 2086 divitiarumque
1846 2009 2176 2084 ingentium
2227 2008 2506 2087 profusio,
2560 2027 2632 2068 ea
2683 2011 2748 2067 in
2797 2007 2967 2065 illum

785 2113 1023 2172 prorsus
1059 2092 1297 2165 cadunt,
1343 2095 1601 2172 itemque
1645 2091 2023 2151 versificandi
2065 2092 2323 2152 studium
2367 2095 2433 2152 in
2476 2113 2525 2152 c.
2563 2093 2674 2153 CV
2707 2091 2968 2152 derisum

785 2180 843 2238 ei
886 2185 1090 2257 aptum
1138 2186 1226 2237 est
1269 2197 1446 2257 quem
1490 2185 1667 2256 poeta
1711 2198 1759 2236 c.
1804 2177 1985 2237 LVII
2032 2179 2068 2235 7
2110 2186 2178 2236 ut
2221 2177 2578 2238 eruditulum
2633 2177 2966 2239 cavillatur.

788 2261 893 2322 sed
929 2264 1345 2339 gravissimum
1380 2270 1812 2338 argumentum,
1858 2282 1974 2341 quo
2012 2263 2387 2322 confirmatur
2432 2270 2746 2342 utrumque
2780 2263 2967 2321 homi-

783 2366 923 2406 nem
965 2367 1150 2405 unum
1193 2346 1562 2426 eundemque
1606 2366 1751 2419 csse,
1805 2366 1881 2407 ex
1926 2368 1975 2407 c.
2008 2348 2235 2406 XXIX
2280 2349 2356 2406 13
2401 2349 2636 2425 petitur,
2688 2346 2794 2407 ubi
2836 2347 2965 2408 Ma-

783 2452 984 2490 murra
1020 2432 1163 2490 ‘ista
1194 2438 1390 2492 vestra
1434 2432 1496 2507 (i.
1534 2450 1582 2491 e.
1624 2430 1893 2491 Caesaris
1928 2440 1987 2492 et
2018 2429 2315 2511 Pompeii)
2352 2432 2631 2491 diffututa
2671 2432 2963 2492 mentula'

783 2515 968 2590 audit,
997 2536 1249 2596 quocum
1276 2536 1323 2576 c.
1349 2514 1561 2576 XCIV
1592 2518 1625 2574 1
1657 2524 1717 2575 et
1744 2516 1915 2577 CXV
1941 2519 1978 2576 8
2007 2517 2289 2577 conferas.
2351 2520 2471 2576 iam
2501 2538 2635 2577 cum
2662 2538 2709 2576 c.
2735 2517 2965 2576 XXIX

781 2601 943 2682 apud
978 2603 1255 2681 aequales
1290 2602 1723 2663 nobilissimum
1758 2609 1925 2675 esset,
1961 2600 2138 2662 facile
2172 2603 2301 2663 fieri
2332 2605 2525 2681 potuit
2559 2612 2626 2662 ut
2658 2603 2797 2663 hinc
2831 2604 2964 2665 Ma-

779 2708 980 2747 murra
1014 2689 1473 2764 ignominiosum
1507 2687 1659 2746 illud
1701 2706 1917 2746 nomen
1958 2689 2267 2766 acciperet,
2286 2731 2296 2740 ,
2314 2707 2501 2768 eoque
2543 2688 2724 2748 semel
2767 2688 2963 2749 divul-

779 2781 919 2850 gato
955 2775 1082 2852 ipse
1109 2780 1314 2851 postea
1348 2780 1522 2851 poeta
1550 2779 1854 2850 tamquam
1887 2775 2123 2850 proprio
2151 2771 2229 2832 ad
2252 2772 2636 2832 libidinosum
2659 2772 2962 2835 hominem

780 2857 1215 2935 designandum
1265 2865 1430 2916 tanto
1472 2856 1773 2917 lubentius
1828 2864 2110 2930 uteretur,
2166 2866 2385 2937 quanto
2429 2862 2619 2935 magis
2662 2858 2962 2938 dactylica

778 2943 1055 3004 vocabuli
1089 2962 1366 3003 mensura
1400 2941 1666 3002 distichis
1700 2974 1785 2984 —-
1818 2944 1885 3000 in
1928 2942 2021 3001 his
2065 2945 2223 3002 enim
2267 2943 2408 3003 solis
2443 2945 2699 3002 Mentula
2739 2962 2961 3004 nomen

778 3029 950 3088 nobis
986 3030 1239 3088 occurrit
1270 3058 1355 3069 —·
1388 3026 1605 3088 idonea
1640 3034 1807 3087 esset.
1870 3034 2129 3087 ceterum
2165 3026 2469 3087 Catullum
2505 3047 2577 3088 ea
2610 3030 2674 3086 in
2707 3046 2771 3086 re
2807 3029 2960 3091 celc-

774 3113 1017 3173 berrimi
1063 3122 1272 3191 poetae
1314 3110 1533 3174 Graeci
1576 3110 1914 3191 exemplum
1965 3131 2091 3172 esse
2143 3120 2407 3173 secutum
2459 3115 2525 3173 in
2577 3112 2697 3172 alia
2745 3112 2959 3173 horum

775 3198 1237 3276 prolegomenon
1263 3204 1432 3275 parte
1459 3196 2006 3257 demonstrabimus.
2061 3196 2208 3256 haec
2234 3199 2419 3273 igitur
2443 3198 2697 3275 simplex
2722 3197 2959 3258 videtur

775 3284 865 3342 rei
899 3300 1026 3341 esse
1071 3281 1405 3359 explicatio.
1475 3301 1617 3340 nam
1662 3280 1823 3359 quod
1855 3282 2355 3358 Iungclaussenus
2401 3304 2457 3362 p.
2497 3283 2577 3339 22
2623 3284 2957 3361 suspicatus

776 3375 866 3427 est
885 3364 1186 3425 Catullum
1202 3372 1336 3444 post
1363 3385 1529 3425 suam
1551 3386 1683 3425 cum
1704 3363 1957 3425 Caesare
1983 3368 2537 3441 reconciliationem,
2557 3366 2633 3426 de
2650 3387 2769 3446 qua
2797 3366 2959 3427 infra

776 3459 1011 3530 agetur,
1058 3453 1170 3511 etsi
1212 3471 1249 3509 a
1291 3451 1597 3510 Mamurra
1640 3449 1980 3510 lacessendo
2027 3451 2306 3513 desistere
2346 3452 2558 3524 nollet,
2602 3460 2805 3512 tamen
2848 3454 2957 3512 im·

773 3539 1059 3616 peratoris
1098 3556 1278 3596 causa
1322 3543 1522 3615 aperte
1568 3537 1809 3595 inimico
1857 3555 1961 3596 suo
2004 3536 2290 3597 insultare
2331 3539 2586 3597 veritum
2630 3535 2707 3595 ad
2749 3536 2959 3597 fictum

773 3622 928 3682 illud
960 3641 1181 3682 nomen
1216 3622 1572 3698 confugisse,
1621 3640 1753 3681 eam
1789 3623 2186 3681 coniecturam
2231 3622 2609 3701 conpluribus
2641 3620 2957 3700 probatam

774 3727 901 3768 esse
953 3709 1149 3780 miror,
1203 3709 1307 3786 qui
1356 3706 1464 3765 tali
1514 3706 1690 3766 modo
1742 3714 1976 3785 poetam
2027 3709 2134 3766 vix
2184 3710 2382 3767 minus
2433 3707 2594 3785 apud
2639 3707 2957 3767 Caesarem

776 3794 1136 3852 offensurum
1169 3791 1353 3851 fuisse
1386 3798 1605 3870 putem.
1677 3797 1889 3870 quotus
1925 3794 2085 3851 enim
2119 3795 2371 3871 quisque
2403 3791 2614 3851 infami
2647 3790 2957 3853 Mentulae

770 3880 1011 3937 nomine
1043 3897 1164 3936 non
1201 3878 1398 3936 statim
1433 3877 1762 3935 iamborum
1789 3879 2065 3936 carminis
2090 3877 2317 3936 XXIX
2345 3876 2759 3937 admoneretur
2783 3896 2955 3953 opor-

773 3960 928 4021 tuit?
978 3963 1101 4020 iam
1136 3960 1214 4020 ad
1247 3970 1478 4041 tempus
1513 3968 1793 4039 quattuor
1827 3964 2072 4021 istorum
2106 3964 2172 4022 in
2196 3961 2528 4022 Mentulam
2564 3963 2954 4041 epigramma-

772 4055 895 4105 tum
941 4045 1101 4125 quod
1143 4048 1371 4119 attinet,
1426 4048 1570 4106 satis
1624 4045 1987 4106 confidenter
2037 4065 2109 4106 ea
2150 4066 2308 4106 anno
2358 4039 2502 4122 700!
2506 4046 2587 4105 54
2631 4046 2954 4108 attribuere

773 4132 928 4203 licet,
964 4138 1166 4211 utpote
1193 4150 1347 4210 quae
1380 4139 1439 4191 et
1472 4138 1605 4210 post
1633 4151 1681 4189 c.
1710 4131 1939 4190 XXIX
1968 4133 2187 4210 scripta
2213 4134 2333 4191 sint
2355 4149 2552 4210 neque
2584 4139 2784 4192 tamen
2810 4131 2954 4193 ilico

768 4216 833 4275 id
852 4218 1152 4296 excepisse
1175 4218 1421 4296 possint,
1440 4215 1679 4297 quando
1709 4236 1917 4277 sonum
1945 4216 2130 4276 multo
2158 4216 2263 4277 illo
2294 4215 2647 4277 sedatiorem
2672 4216 2953 4279 habeant.
