3225 5171
1118 446 1475 490 ADNOTATIO
1519 445 1765 489 0311·ch
2387 445 2532 489 CXXR

358 567 448 626 sit.
482 596 568 607 —-
606 564 687 623 64
722 569 959 623 velatum
1004 563 1147 625 ferri
1190 585 1362 644 posse
1405 585 1525 624 non
1569 564 1832 624 adducor
1874 571 1943 624 ut
1984 564 2234 625 credam.
2302 564 2536 624 nullam

353 648 753 730 persuadendi
800 654 922 709 vim
968 649 1147 709 habet
1180 649 1257 708 A.
1292 651 1479 710 Biesii
1513 653 1578 708 in
1611 669 1758 709 mus·
1794 650 1985 709 Rhen.
2020 649 2304 710 XXXVI
2341 652 2462 709 323
2484 671 2529 709 s.

358 735 696 814 disputatio.
784 738 985 815 itaque
1021 754 1252 794 crucem
1296 735 1559 813 adposui.
1658 733 1801 814 quid
1835 742 2032 795 autem
2066 755 2103 793 a
2138 737 2544 794 concinnitate

356 820 480 880 fere
522 822 854 899 requiratur
898 819 1066 879 docet
1111 820 1255 878 flavi
1298 821 1537 879 verticis
1582 827 1644 878 et
1684 819 2029 879 lactentium
2072 819 2425 898 papillarum
2467 823 2535 878 in

359 906 572 964 vicinis
605 904 876 963 versibus
913 907 1400 965 commemoratio.
1435 935 1520 947 -—
1559 906 1635 962 71
1675 926 1715 962 a
1748 904 1978 966 codices
2004 905 2188 963 Nonii
2221 924 2277 982 p.
2310 904 2430 962 108
2450 905 2531 963 M.

360 992 435 1047 Ῐια
469 987 538 1049 Ο.
610 990 684 1047 ab
719 989 794 1062 G,
830 998 890 1048 et
924 992 1008 1049 sic
1034 991 1350 1069 Hauptius.
1378 1020 1462 1030 —
1493 990 1616 1047 100
1652 1010 1818 1064 quam
1853 1000 1965 1047 tum
1989 990 2272 1049 FaernuS.
2327 999 2542 1064 φιαηιο

360 1073 610 1147 codices,
655 1080 714 1133 et
758 1076 843 1132 ita
876 1074 1191 1152 Hauptius.
1265 1073 1415 1134 conf.
1453 1074 1812 1133 Ritschelius
1856 1090 2056 1154 opusc(
2087 1075 2191 1133 111
2226 1075 2350 1132 594
2368 1093 2415 1132 s.
2448 1104 2536 1116 --·

354 1163 573 1232 fulvore
616 1158 977 1218 Ritschelius
1021 1159 1257 1218 ibidem.
1338 1159 1489 1218 conf.
1534 1158 1593 1218 S.
1630 1159 1900 1236 Buggius
1946 1159 2141 1218 annal.
2184 1158 2389 1239 philol.
2426 1159 2546 1220 CV

362 1245 459 1303 98.
537 1246 759 1318 fulyore
792 1245 868 1317 V,
914 1244 1232 1323 Hauptius.
1278 1276 1362 1286 —-
1409 1245 1529 1302 107
1568 1245 1863 1302 indomitus
1898 1247 2057 1303 turbo
2092 1246 2166 1317 V,
2214 1244 2371 1323 quod
2412 1246 2530 1304 iam

357 1328 664 1389 Vahlenus
700 1328 953 1388 reduxit.
1025 1332 1340 1386 indomitum
1375 1331 1569 1387 turben
1595 1328 1897 1408 Hauptius
1930 1349 1962 1388 e
1990 1332 2327 1389 coniectura
2347 1328 2531 1408 Spen-

358 1413 521 1490 gelii,
566 1432 721 1493 quae
764 1416 829 1472 in
865 1413 1045 1473 dubio
1084 1414 1279 1474 Servii
1313 1413 1390 1472 ad
1423 1413 1647 1491 Vergil.
1683 1413 1837 1474 Aen.
1875 1415 2000 1474 VII
2038 1416 2159 1473 378
2197 1416 2542 1474 testimonio

360 1507 420 1559 et
452 1517 640 1578 aeque
676 1498 859 1558 dubia
902 1498 1042 1558 libri
1076 1500 1135 1558 D
1172 1503 1461 1578 scriptura
1504 1501 1822 1557 indomitum
1855 1501 2079 1557 nititur.
2153 1499 2303 1559 conf.
2342 1498 2542 1578 Sydo-

357 1586 492 1642 vius
529 1584 603 1643 de
629 1603 849 1643 recens·
905 1584 1034 1645 Cat.
1067 1587 1307 1643 carmin.
1340 1585 1419 1642 73
1440 1603 1482 1642 s.
1512 1615 1598 1624 --
1637 1584 1758 1642 108
1786 1586 2057 1642 radicitus
2084 1585 2156 1644 V.
2214 1583 2366 1643 conf.
2390 1585 2530 1642 288.

359 1670 640 1727 radicibus
677 1687 713 1736 ς
746 1689 868 1729 non
902 1669 1068 1743 nulli,
1104 1669 1539 1742 Lachmannus,
1576 1669 1893 1748 Hauptius.
1921 1701 2007 1711 —-
2034 1670 2153 1727 135
2193 1690 2230 1726 a
2254 1669 2323 1729 L.
2344 1669 2533 1729 Muel-

358 1754 530 1814 lerus.
618 1755 693 1811 ha
727 1752 800 1813 O.
881 1756 953 1812 αῘι
987 1753 1062 1826 Gr,
1118 1764 1177 1813 et
1218 1758 1304 1812 ita
1347 1754 1665 1832 Hauptius.
1704 1784 1789 1796 —-
1828 1754 1947 1812 139
1995 1755 2203 1812 blanda
2238 1752 2290 1813 O
2328 1775 2461 1813 cum
2497 1772 2546 1821 ς·

356 1842 581 1917 paucis,
617 1837 893 1918 idemque
925 1841 989 1897 in
1015 1843 1283 1915 margine
1308 1838 1670 1918 adscriptum
1704 1838 1884 1897 habet
1906 1838 1976 1896 L.
2039 1846 2100 1898 et
2124 1839 2372 1915 vulgata
2406 1848 2548 1898 erat.

359 1923 508 1982 haec
562 1926 848 2002 scriptura
898 1927 962 1982 in
1016 1924 1374 1983 editionibus
1426 1933 1565 1982 ante
1618 1923 2001 2000 Scaligerum.
2087 1926 2242 1982 nobis
2286 1922 2344 1982 G
2400 1944 2543 1982 cum.

358 2009 620 2088 reliquis.
697 2028 853 2089 quae
895 2008 1069 2068 lectio
1104 2009 1504 2081 Lachmanno‚
1549 2008 1836 2086 Haupti0‚
1883 2007 2173 2081 Vahleno,
2218 2008 2352 2066 aliis
2398 2028 2532 2086 pro-

358 2093 502 2152 bata
545 2113 614 2152 ac
656 2093 856 2152 multis
900 2112 1089 2172 nuper
1135 2114 1171 2151 a
1205 2093 1469 2171 Sydovio
1505 2092 1541 2152 l.
1581 2113 1630 2151 c.
1671 2094 1750 2151 38
1772 2113 1845 2152 ss.
1884 2091 2127 2152 defensa
2169 2113 2291 2151 non
2326 2092 2542 2151 dubito

361 2181 505 2257 quin
547 2178 699 2237 falsa
742 2181 834 2250 sit,
879 2181 1099 2257 quippe
1133 2198 1269 2257 qua,
1315 2186 1382 2236 ut
1425 2176 1544 2235 alia
1586 2197 1746 2236 nunc
1784 2178 2031 2250 mittam,
2078 2180 2382 2254 egregium
2426 2176 2533 2235 du-

358 2263 529 2342 plicis
566 2263 979 2342 epanaphorae
1013 2263 1327 2321 artificium
1361 2268 1578 2340 pereat.
1665 2264 1797 2341 quis
1832 2270 1921 2321 est
1955 2265 2112 2323 enim
2156 2265 2303 2342 quin
2346 2263 2543 2321 verba

360 2368 469 2406 non
510 2349 645 2405 haee
687 2379 774 2391 -—
815 2366 924 2404 non
965 2348 1098 2404 haec
1138 2378 1224 2388 —
1267 2348 1369 2404 sed
1406 2377 1494 2388 —
1536 2348 1638 2404 sed
1687 2355 1958 2406 accurate
2009 2348 2124 2406 sibi
2173 2347 2533 2425 respondere

359 2431 600 2491 videat?
653 2432 799 2492 haec
844 2433 1227 2504 concinnitas,
1271 2434 1337 2490 in
1371 2451 1490 2511 qua
1525 2434 1715 2490 omnis
1749 2434 1841 2490 vis
1876 2434 2156 2492 orationis
2191 2434 2384 2511 posita
2420 2440 2526 2503 est,

361 2517 605 2591 deletur,
653 2520 703 2576 si
749 2524 986 2595 recepta
1029 2518 1317 2596 scriptura
1360 2518 1515 2574 nobis
1557 2536 1881 2597 pronomen
1925 2519 2056 2575 mihi
2095 2519 2160 2576 in
2195 2538 2251 2575 v.
2292 2517 2417 2575 140
2450 2516 2537 2575 ad

361 2603 609 2663 alterum
644 2605 1015 2661 enuntiatum
1048 2604 1204 2661 trahi
1239 2610 1481 2681 oportet.
1552 2621 1745 2682 neque
1769 2622 1977 2663 vereor
2000 2622 2077 2663 ne
2104 2605 2235 2681 quis
2262 2623 2317 2662 v.
2351 2604 2470 2661 136
2484 2624 2525 2662 s.

361 2695 636 2766 opponat,
684 2690 851 2747 cuius
895 2688 1011 2747 loci
1053 2708 1176 2747 non
1217 2687 1396 2766 plane
1438 2687 1647 2747 eadem
1690 2690 1839 2746 ratio
1884 2697 1987 2746 est.
2074 2687 2395 2747 tenendum
2440 2694 2542 2746 est.

360 2783 557 2832 autem
593 2775 833 2832 omnino
870 2792 1003 2831 cum
1038 2775 1103 2832 in
1136 2782 1258 2831 toto
1295 2772 1516 2852 epyllio
1551 2784 1676 2832 tum
1712 2774 1776 2830 in
1811 2774 2115 2831 concitatis
2150 2774 2277 2830 istis
2311 2771 2538 2831 Ariad--

360 2876 475 2916 nae
518 2858 795 2937 querellis
839 2876 1100 2917 summae
1143 2865 1379 2936 poetam
1423 2857 1832 2937 aequabilitati
1883 2859 2165 2915 orationis
2217 2855 2534 2917 studuisse.

361 2941 513 3001 conf.
560 2954 864 3020 praeterea
896 2963 952 3002 v.
996 2943 1344 3001 132—135.
1384 2942 1735 2999 143—144.
1778 2941 2129 2999 145—148.
2172 2940 2524 2999 154—156.

362 3028 714 3085 186-187,
784 3029 991 3085 miram
1014 3030 1203 3105 primo
1229 3026 1513 3104 adspectu
1546 3024 1817 3085 lectionis
1841 3026 2187 3084 varietatem
2220 3028 2305 3084 ita
2338 3033 2525 3085 ortam

358 3118 504 3190 puto
547 3117 629 3183 ut,
685 3130 818 3168 cum
869 3114 932 3168 in
976 3119 1174 3170 vetere
1216 3111 1415 3188 aliquo
1460 3110 1661 3169 codice
1704 3109 2061 3169 adiectivum
2106 3112 2315 3168 blanda
2368 3113 2536 3170 cxci--

360 3196 557 3266 disset,
603 3194 762 3273 quod
804 3203 937 3273 post
972 3198 1195 3270 quondci
1227 3194 1404 3254 facile
1438 3195 1565 3254 fieri
1600 3196 1806 3273 potuit,
1850 3215 2062 3254 manco
2096 3196 2293 3255 versui
2326 3197 2530 3255 nescio

360 3282 493 3360 quis
536 3282 754 3340 inserto
798 3282 1145 3357 pronomine
1187 3281 1342 3337 nobis
1385 3280 1739 3352 subveniret,
1784 3279 1963 3359 idque
1995 3287 2202 3359 postea
2235 3300 2356 3339 una
2391 3300 2525 3340 cum

359 3366 620 3443 genuina
664 3366 954 3442 scriptura
986 3367 1050 3423 in
1083 3365 1143 3424 V
1174 3366 1463 3436 transiret,
1507 3367 1572 3423 in
1608 3385 1724 3443 quo
1760 3364 1921 3423 haud
1954 3385 2087 3424 raro
2123 3364 2535 3444 discrepantes

359 3452 640 3510 lectiones
676 3448 998 3528 adscriptas
1033 3448 1214 3508 fuisse
1242 3457 1462 3508 certum
1490 3458 1593 3509 est.
1611 3481 1698 3491 —-—
1727 3451 1848 3508 140
1880 3453 2085 3508 misera
2110 3450 2523 3522 Baehrensius,

361 3534 519 3614 quod
576 3555 612 3593 a
667 3536 1053 3611 congruentia
1103 3533 1574 3615 aequalitateque
1626 3537 1907 3594 orationis
1959 3534 2536 3595 commendationem

359 3620 553 3692 habet,
606 3620 760 3679 bene
804 3621 962 3678 enim
1016 3621 1097 3678 sic
1151 3622 1285 3677 haec
1327 3623 1615 3695 promissa
1648 3650 1730 3660 -
1765 3621 1898 3677 haec
1938 3623 2143 3677 misera
2175 3651 2260 3661 —
2296 3621 2528 3677 conubia

361 3708 510 3763 laeta
553 3704 666 3764 sibi
709 3703 1066 3783 respondere
1108 3703 1366 3781 adparet.
1444 3708 1641 3762 misere
1673 3705 1747 3764 V.
1824 3707 2059 3762 miserae
2101 3703 2300 3780 vulg0,
2347 3712 2406 3763 et
2440 3706 2536 3762 sic.

359 3790 674 3868 Hauptius.
756 3798 817 3847 at
849 3789 1095 3848 verbum
1128 3788 1373 3848 iubendi
1406 3810 1443 3848 a
1478 3788 1715 3849 Catullo
1751 3809 1884 3847 cum
1912 3788 2112 3848 dativo
2148 3789 2526 3848 coniunctum

362 3892 488 3934 esse
522 3874 685 3933 nullo
721 3873 895 3933 modo
931 3873 1213 3933 credibile
1248 3883 1351 3934 est.
1388 3906 1473 3916 —
1511 3874 1633 3933 148
1669 3877 1956 3932 meminere
1985 3874 2177 3933 Iulius
2205 3872 2534 3946 Czwalina,

361 3958 521 4037 quod
562 3967 695 4037 post
734 3959 804 4016 L.
841 3959 1195 4019 Muellerum
1246 3968 1305 4018 et
1346 3959 1773 4018 Baehrensium
1815 3958 2122 4018 Vahlenus
2173 3976 2408 4038 quoque
2458 3961 2526 4017 in

362 4042 628 4103 ordinem
661 4047 896 4122 recepit.
975 4055 1211 4102 metuere
1243 4043 1490 4117 codices,
1528 4052 1588 4104 et
1621 4047 1705 4103 ita
1737 4044 2050 4123 Hauptius.
2121 4042 2323 4102 mendi
2358 4045 2526 4120 origo

361 4128 688 4187 manifesta.
731 4160 818 4171 --—
866 4130 988 4187 174
1032 4133 1262 4202 increta,
1297 4131 1336 4188 i.
1373 4148 1424 4189 e.
1459 4134 1515 4187 in
1562 4129 1735 4188 Creta
1779 4127 1831 4188 O
1878 4149 2010 4188 cum
2044 4129 2121 4187 D.
2201 4131 2259 4186 in
2302 4128 2538 4186 Cretam.

365 4212 424 4273 G
460 4232 593 4271 cnm
628 4212 868 4292 reliquis
902 4215 1213 4295 plerisque,
1248 4215 1683 4289 Lachmannus‚
1719 4214 2038 4295 Hauptius.
2117 4233 2295 4294 quam
2327 4214 2536 4274 lectio-
