3225 5171
667 435 878 476 cxxxu
1429 402 1784 475 Annei-Ano
1829 432 2076 475 omnm

666 553 982 614 verborum
1016 557 1364 630 receperunt
1396 551 1795 611 Baehrensius
1830 559 1889 612 et
1915 551 2236 612 Vahlenus.
2299 563 2506 627 ynatus
2540 554 2851 634 Hauptius
2881 610 2893 616 ,

671 658 805 699 cum
822 639 1022 696 libris.
2432 630 2439 639 ’

796 722 947 781 XCI
984 724 1020 780 3
1066 741 1175 780 non
1219 741 1433 779 nossem
1466 721 1767 780 Avantius
1814 729 1873 781 et
1915 720 2341 781 emendationis
2385 722 2617 801 pridem
2652 723 2850 784 factae
2897 782 2900 785 Α

667 809 911 885 ignarus
948 808 995 865 Ι.
1026 806 1339 885 Maehlyus
1374 826 1512 864 ann.
1547 805 1754 885 philol.
1792 804 1946 865 CIII
1982 807 2121 865 356.
2195 825 2510 882 coquossem
2543 808 2617 881 V,
2653 808 2847 867 Lach-

667 912 936 963 mannus,
974 892 1289 969 Hauptius

795 976 981 1037 XCII
1017 978 1053 1035 3
1101 978 1321 1034 totidem
1364 995 1722 1056 quamquam
1767 995 1888 1034 non
1930 974 2230 1052 intellegO,
2276 983 2478 1037 tamen
2521 983 2588 1036 ut
2623 976 2844 1056 duplici

669 1064 1017 1122 auctoritate
1078 1061 1372 1119 firmatum
1434 1069 1662 1120 mutare
1730 1080 1851 1118 non
1912 1079 2041 1119 sum
2102 1081 2292 1120 ausus
2400 1061 2623 1121 habent
2687 1064 2846 1121 enim

668 1156 726 1208 et
779 1147 1009 1207 codices
1053 1145 1251 1219 Gellii,
1298 1148 1399 1225 qui
1436 1146 1562 1204 VII
1600 1146 1677 1203 16
1717 1146 1754 1202 2
1809 1163 2045 1205 carmen
2095 1145 2208 1204 hoc
2270 1145 2479 1219 adfert,
2536 1154 2597 1206 et
2639 1145 2692 1206 Ο
2731 1145 2844 1206 Ca·

666 1232 816 1305 tulli,
871 1235 1036 1291 cuius
1080 1231 1220 1289 libri
1262 1239 1557 1289 auctorem
1600 1248 1806 1289 versus
1851 1231 1887 1287 3
1927 1237 1986 1288 et
2020 1231 2060 1288 4
2105 1232 2168 1289 in
2213 1228 2270 1289 Gr
2315 1233 2557 1290 omissos
2601 1252 2723 1290 non
2767 1250 2847 1290 ex
2889 1292 2892 1293 ⁷

668 1317 865 1378 Gellio
902 1315 1218 1388 addidisse,
1264 1315 1369 1375 sed
1412 1318 1478 1373 in
1524 1315 1843 1391 archetypo
1881 1334 1984 1374 suo
2021 1316 2321 1375 invenisse
2354 1324 2512 1375 recte
2546 1316 2842 1376 Baehren-

666 1406 787 1461 sius
840 1401 1158 1481 prolegom.
1212 1400 1265 1459 L
1323 1400 1542 1478 aliique
1601 1402 1874 1458 statuisse
1932 1398 2226 1460 videntur.
2326 1408 2519 1479 potest
2577 1400 2847 1478 vulgaris

665 1487 886 1546 locutio
922 1487 1160 1546 subesse
1195 1485 1368 1544 nobis
1402 1487 1624 1560 ignota,
1661 1484 1924 1556 fortasse,
1971 1504 2088 1563 quo
2135 1483 2208 1544 de
2243 1485 2494 1544 Ellisius
2539 1488 2845 1563 cogitavit,

667 1593 704 1632 a
737 1573 936 1631 nescio
973 1590 1089 1651 quo
1125 1569 1264 1629 ludo
1302 1569 1626 1647 desumpta.
1700 1568 1852 1628 conf.
1890 1569 2034 1628 Hor.
2072 1577 2176 1629 sat.
2211 1570 2281 1628 Π
2308 1571 2346 1629 3
2386 1571 2529 1628 298.
2583 1580 2841 1630 ceterum

664 1664 976 1736 peraptum
1010 1655 1088 1714 ad
1117 1657 1467 1715 sententiam
1496 1661 1650 1713 esset
1683 1655 1897 1711 itidem.-
1932 1653 2094 1714 unde
2127 1654 2309 1714 verbo
2347 1654 2509 1734 quod
2540 1656 2845 1734 praecedit

666 1745 730 1801 in
769 1752 790 1799 t
826 1742 1079 1801 litteram
1125 1747 1378 1800 exeunte
1415 1739 1695 1798 facillimo
1740 1741 1805 1797 in
1840 1741 2129 1817 scriptura
2164 1743 2448 1798 continua
2483 1759 2676 1800 errore
2709 1741 2842 1800 fieri

665 1830 861 1906 potuit
911 1828 1150 1884 totidem.
1249 1832 1428 1904 atque
1479 1823 1661 1883 habet
1711 1824 2037 1883 Vaticanus
2092 1825 2256 1882 3452
2313 1823 2497 1886 Gellii
2556 1829 2692 1901 quia
2751 1828 2847 1883 sin

667 1914 889 1970 totidem
923 1932 1007 1970 ea.

794 1995 985 2056 XCV.
1004 1997 1042 2055 3
1089 1994 1168 2053 ad
1198 2012 1419 2054 nomen
1452 1994 1796 2051 Hortensius
1837 2011 2071 2052 crucem
2107 1992 2371 2072 adposui.
2455 1994 2578 2053 vid.
2615 1994 2842 2073 proleg.

708 2127 721 2140 .
758 2081 979 2140 XLIII
990 2102 1033 2141 s.

665 2104 704 2162 Ρ
791 2165 999 2227 XCVI
1033 2166 1074 2224 4
1124 2169 1190 2223 in
1233 2164 1490 2243 Hauptii
1548 2165 1885 2222 coniectura
1939 2162 2084 2220 Oreo
2137 2183 2352 2221 mersas
2405 2183 2548 2224 sane
2602 2164 2843 2243 quidem

665 2251 896 2323 audaci,
951 2259 1013 2310 at
1056 2250 1316 2330 reliquis,
1372 2255 1660 2328 quotquot
1704 2248 1899 2307 adhuc
1940 2246 2206 2326 prolatae
2250 2256 2402 2321 sunt,
2454 2248 2635 2325 longe
2678 2257 2843 2309 ante·

663 2335 940 2415 ponenda
983 2337 1267 2413 optimum
1313 2333 1460 2392 duxi
1502 2333 1897 2413 adquiescere.
1982 2332 2265 2392 librorum
2320 2335 2669 2412 scripturam
2712 2338 2845 2393 olim

664 2426 869 2479 missas
905 2440 942 2478 a
974 2419 1246 2479 Vahleno
1280 2418 1584 2478 reductam
1622 2417 1762 2477 ferri
1795 2436 1969 2497 posse
2005 2436 2176 2494 nego.

792 2504 1037 2565 XCVII
1075 2507 1107 2562 1
1144 2503 1508 2582 parenthesis
1543 2505 1780 2579 signum
1816 2523 1852 2561 a
1884 2502 2267 2563 Lachmanno
2294 2502 2679 2583 Hauptioque
2713 2522 2844 2563 ver-

663 2592 757 2651 bis
809 2596 891 2650 ita
941 2611 1025 2648 me
1077 2592 1136 2648 di
1183 2600 1362 2647 ament
1407 2587 1739 2666 adpositum
1792 2590 2017 2648 removi
2065 2597 2387 2667 praeeunte
2425 2589 2718 2649 Vahlen0.
2754 2621 2843 2630 -

669 2678 704 2735 6
735 2679 966 2753 plooeeni
1004 2677 1356 2735 recentiores
1393 2673 1645 2733 editores
1688 2672 1957 2752 plerique
1994 2673 2315 2732 secundum
2351 2672 2600 2747 Quintil.
2635 2676 2670 2734 I
2705 2675 2741 2732 5
2782 2674 2842 2732 8.

656 2765 888 2839 plooenio
925 2760 978 2821 O
1026 2758 1317 2836 (plooeonio
1355 2758 1412 2819 G
1454 2779 1587 2817 cum
1631 2758 1872 2837 reliquis
1914 2765 2145 2816 tantum
2187 2778 2308 2817 non
2352 2756 2669 2835 omnibus),
2721 2778 2848 2838 qua

667 2846 1089 2926 depravatione
1123 2865 1196 2906 ea
1227 2843 1506 2904 vocabuli
1537 2844 1728 2903 forma
1762 2842 2056 2901 indicatur
2090 2863 2267 2923 quam
2294 2844 2508 2903 Festus
2535 2864 2591 2923 p.
2614 2845 2735 2902 230
2754 2844 2838 2904 M.

665 2933 924 3012 praebet,
953 2933 1261 3007 ploximum.
1325 2932 1573 3006 ploxemi
1597 2928 1740 2988 olim
1765 2928 1964 3005 vulgo,
1995 2936 2055 2987 et
2080 2931 2165 2987 sic
2182 2928 2602 2987 Lachmannus
2634 2929 2846 3007 Haup-

665 3020 916 3096 tiusque.
954 3048 1039 3058 --
1076 3017 1281 3073 9—12
1321 3012 1807 3093 praecedentibus
1842 3014 2185 3072 continuavi
2222 3033 2352 3072 cum
2390 3013 2685 3092 plerisque
2718 3014 2843 3073 edi-

666 3103 916 3161 toribus·
902 3145 917 3175 ,
951 3103 1251 3179 separavit
1266 3100 1343 3159 ab
1362 3101 1448 3159 eis
1464 3106 1764 3178 tamquam
1783 3098 2032 3158 alterum
2051 3117 2289 3157 carmen
2306 3097 2766 3172 (LXXXXVII
2774 3096 2843 3176 b)

668 3194 973 3271 Hauptius
1006 3192 1460 3251 Lachmannum
1496 3198 1745 3252 secut-us,

792 3278 1070 3338 XCVIII
1124 3280 1155 3333 1
1215 3285 1275 3336 et
1327 3278 1364 3334 5
1431 3278 1580 3335 Vetti
1631 3275 1870 3336 Statius,
1970 3277 2117 3334 Victi
2156 3275 2229 3336 V.
2329 3277 2470 3334 Vitta·
2518 3275 2844 3355 Hauptius

667 3364 820 3423 conf.
855 3364 1077 3442 proleg.
1103 3362 1403 3421 XXXVI.
1476 3368 1734 3419 ceterum
1762 3359 1921 3439 apud
1952 3359 2074 3420 Cic.
2104 3362 2271 3439 epist.
2301 3360 2379 3418 ad
2412 3360 2537 3419 Att.
2570 3361 2638 3420 II
2665 3362 2794 3419 24
2774 3382 2844 3421 m

666 3448 868 3508 codice
911 3448 1178 3508 Mediceo
1222 3466 1328 3525 pro
1384 3447 1600 3505 Vettius
1645 3446 2020 3524 conpluriens
2061 3444 2282 3522 legitur
2336 3447 2579 3504 Vectius.
2641 3466 2679 3504 a
2701 3451 2878 3526 [quo³

663 3555 785 3594 non
820 3533 1070 3592 multum
1105 3533 1272 3592 abest
1304 3531 1587 3591 librorum
1625 3529 2092 3589 Catullianorum
2130 3530 2472 3608 depravatio
2519 3533 2683 3589 Victi.
2745 3557 2750 3560 -
2807 3525 2810 3526 ⁷

790 3617 1005 3679 XCIX
1041 3620 1078 3677 8
1122 3620 1296 3693 quttis
1351 3618 1668 3674 abstersisti
1717 3615 1898 3675 editio
1952 3615 2312 3674 Trincavell.
2358 3614 2625 3689 Avantii,
2680 3614 2843 3696 quod

664 3723 740 3764 ex
775 3702 1198 3766 recentioribus
1232 3700 1629 3762 Baehrensius
1664 3709 1723 3761 et
1749 3700 2055 3760 Vahlenus
2091 3702 2218 3759 iure
2251 3708 2612 3778 receperunt.
2666 3704 2844 3775 yuttis

663 3791 929 3848 abstersti
960 3788 1034 3849 O.
1113 3791 1288 3863 yuttis
1325 3790 1532 3845 astersi
1563 3785 1884 3845 Duebnero
1918 3785 2131 3844 Ellisio
2166 3786 2439 3845 Bonneto
2474 3785 2722 3845 testibus
2760 3784 2835 3845 Gr.

663 3876 905 3934 abstersi
942 3877 1116 3949 yuttis
1148 3874 1225 3933 D.
1315 3871 1475 3931 unde
1525 3873 1791 3930 abstersa·
1838 3874 2011 3945 yuttis
2063 3870 2244 3930 editio
2287 3869 2515 3929 Aldina
2560 3890 2613 3928 a.
2653 3871 2842 3943 1502,

662 3959 1100 4032 Lachmannus,
1133 3959 1452 4035 Hauptius
1521 3956 1681 4035 quod
1715 3955 1933 4016 falsum
1968 3974 2095 4016 esse
2129 3975 2316 4034 prava
2349 3973 2501 4034 quae
2537 3956 2624 4014 sic
2658 3957 2844 4014 oritur

664 4044 975 4104 verborum
1028 4043 1354 4103 conlocatio
1401 4041 1587 4101 docet.
1683 4042 1748 4099 in
1800 4041 1859 4100 D
1913 4044 2041 4100 sine
2092 4040 2271 4100 dubio
2323 4040 2520 4099 hiatus
2574 4039 2847 4099 evitandi

664 4149 844 4188 causa
892 4129 1184 4189 vocabula
1233 4135 1453 4187 temere
1502 4129 1874 4205 transposita.
1966 4125 2252 4185 absonum
2304 4132 2500 4184 autem
2549 4124 2701 4184 illud
2742 4126 2841 4183 ab·

660 4218 882 4289 stersti,
945 4213 1105 4294 quod
1164 4214 1228 4272 in
1272 4211 1326 4273 Ο
1372 4210 1619 4289 legitur,
1683 4229 1829 4270 cave
1888 4229 1967 4270 ne
2026 4210 2191 4269 aliud
2252 4229 2377 4271 esse
2431 4218 2608 4289 putes
2660 4230 2846 4290 quam
