3225 5171
641 473 872 514 LXXXIV
1505 471 1703 513 PBOLE
1709 471 1962 514 GOMENA

641 593 820 650 immo
850 589 1085 650 Naekio
1122 587 1574 650 adsentiendum
1602 588 1823 649 dicenti
1857 597 1978 649 tam
2013 592 2407 650 inveteratum
2443 589 2625 651 fuisse
2660 589 2823 670 apud

639 676 941 736 Romanos
977 675 1432 735 adlitterationis
1468 693 1727 733 amorem
1770 682 2008 754 tamque
2044 674 2288 735 adsueta
2322 678 2378 735 ei
2415 679 2678 735 omnium
2715 697 2821 735 ora

642 769 701 820 et
746 779 913 820 aures
958 768 1025 818 ut
1067 761 1458 820 scribentibus
1504 760 1690 819 multa
1733 759 1797 818 id
1841 779 2027 836 genus
2073 768 2280 839 sponte
2325 779 2452 820 sese
2497 760 2822 820 obtulerint

642 847 1100 925 ambiguumque
1151 847 1226 904 sit
1277 863 1698 925 saepenumero
1751 845 1896 923 quid
1952 865 1989 904 a
2040 866 2161 904 non
2214 845 2819 906 animadvertentibus

640 930 977 1002 admissum,
1034 930 1176 1010 quid
1231 950 1307 990 ex
1349 951 1461 990 usu
1505 932 1802 989 communi
1845 938 2164 1009 receptum,
2218 930 2364 1009 quid
2408 934 2647 1010 propria
2692 941 2819 991 arte

639 1014 864 1075 factum
908 1020 998 1074 sit.
1068 1018 1187 1073 iam
1232 1019 1357 1074 eius
1394 1015 1851 1074 adlitterationis
1896 1034 2051 1094 quae
2096 1017 2161 1074 in
2194 1015 2393 1075 verbis
2429 1017 2544 1075 sibi
2578 1014 2824 1096 respon-⁷

640 1101 915 1160 dentibus
968 1100 1050 1173 fit,
1105 1121 1223 1179 qua
1273 1103 1364 1159 vis
1410 1109 1589 1179 atque
1643 1103 1905 1176 gravitas
1951 1102 2275 1159 sententiae
2327 1100 2581 1173 additur,
2634 1101 2820 1160 haece

640 1186 912 1265 exempla
953 1188 1345 1264 repperimus:
1398 1187 1671 1261 superbus
1716 1195 1766 1242 et
1815 1189 2179 1261 superfluens‘,
2222 1188 2477 1243 mundior
2512 1196 2564 1243 et
2605 1189 2815 1259 melior,

636 1275 894 1330 miserum
936 1274 1174 1345 malique
1214 1273 1342 1344 fati,
1389 1271 1516 1327 boui
1557 1271 1825 1344 beatique,
1872 1271 2003 1328 bene
2036 1289 2105 1328 ac
2141 1272 2314 1343 beate,
2358 1274 2565 1328 mimice
2599 1289 2668 1329 ac
2701 1291 2815 1329 mo-

639 1360 791 1430 leste,
847 1359 989 1414 satis
1033 1376 1310 1432 superque
1354 1357 1480 1414 sive
1525 1357 1667 1413 satis
1714 1365 1764 1412 et
1809 1376 1998 1431 super,
2053 1358 2250 1413 leuiter
2284 1365 2335 1413 et
2378 1358 2586 1429 leviter,
2640 1359 2819 1414 lutum

637 1445 905 1517 lupanar,
935 1451 1149 1517 pestem
1175 1442 1598 1516 perniciemque,
1634 1443 1783 1497 vivat
1818 1444 2133 1515 valeatque,
2176 1460 2344 1498 unum
2378 1451 2546 1516 atque
2578 1445 2816 1516 unicum,

637 1537 762 1584 ater
795 1547 870 1584 au
904 1527 1084 1583 albus.
1157 1545 1405 1604 quorum
1449 1524 1732 1604 pleraque
1775 1524 1937 1584 haud
1981 1525 2160 1585 dubie
2193 1525 2400 1604 populi
2441 1546 2552 1584 usu
2586 1526 2819 1605 pridem

638 1618 844 1670 sancta
895 1618 1076 1669 erant.
1161 1619 1220 1669 et
1270 1618 1477 1668 notatu
1532 1608 1780 1687 dignum
1827 1619 1915 1669 est
1956 1610 2069 1669 hoc
2120 1609 2574 1670 adlitterationis
2627 1631 2815 1689 genus

638 1700 931 1754 minorum
967 1697 1292 1754 carminum
1327 1697 1627 1774 proprium
1664 1714 1806 1767 esse,
1845 1695 2058 1773 quibus
2096 1698 2454 1755 conveniunt
2490 1695 2814 1755 dictionum

637 1781 939 1839 formulae.
1012 1780 1375 1859 frequentius
1418 1780 1482 1838 id
1527 1799 1716 1856 genus
1752 1780 1911 1859 quod
1947 1788 2108 1839 certa
2148 1780 2282 1858 lege
2319 1800 2523 1840 carens
2558 1782 2623 1839 in
2656 1781 2814 1840 binis

637 1866 734 1925 vel
769 1865 1037 1944 pluribus
1072 1866 1378 1924 vocabulis
1416 1867 1710 1924 continuis
1754 1867 1950 1924 locum
1985 1865 2179 1924 habet.
2262 1873 2321 1924 et
2353 1866 2649 1925 interdum
2685 1869 2816 1946 qui·

641 1951 773 2010 dem
797 1953 863 2009 in
888 1951 999 2008 hoc
1027 1970 1259 2030 quoque
1287 1969 1503 2026 genere
1529 1949 1909 2009 manifestum
1938 1958 2026 2008 est
2054 1946 2504 2010 adlitterationis
2532 1950 2810 2010 studium.

639 2037 724 2095 sic
758 2039 819 2093 in
860 2056 907 2094 6.
938 2036 1123 2095 XXV
1152 2056 1282 2094 cum
1308 2044 1501 2113 poeta,
1538 2043 1604 2093 ut
1634 2034 1908 2107 vidimuS,
1945 2038 2188 2093 nomina
2214 2034 2581 2094 deminutiva
2617 2056 2817 2095 cumu-

635 2121 864 2193 laverit,
914 2141 1029 2199 quo
1078 2120 1475 2179 effeminatam
1519 2120 1725 2178 Thalli
1768 2118 2178 2180 habitudinem
2211 2123 2645 2199 perstringeret,
2692 2143 2819 2181 non

640 2205 1045 2265 dubitabimus
1089 2209 1236 2284 quin
1281 2226 1335 2263 v.
1378 2207 1457 2263 10
1501 2208 1567 2264 in
1611 2204 1809 2264 verbis
1862 2209 2081 2263 laneum
2131 2208 2462 2263 latusculum
2510 2227 2817 2281 manusque

634 2294 959 2349 mollicellas
1005 2290 1500 2349 adlitterationem
1545 2310 1780 2369 quoque
1832 2290 2127 2369 duplicem
2181 2290 2383 2349 dedita
2426 2311 2604 2369 opera
2653 2291 2814 2350 idem

638 2376 715 2434 ad
761 2377 1126 2454 propositum
1171 2374 1521 2434 adhibuerit.
1594 2395 1641 2433 6.
1688 2375 1836 2435 LVI
1872 2376 1907 2433 3
1955 2396 2078 2435 rem
2122 2375 2433 2434 ridiculam
2468 2386 2814 2436 narraturus

635 2463 701 2519 in
728 2461 1066 2518 nominibus
1095 2460 1256 2532 Cam,
1296 2459 1581 2517 Catullum
1617 2462 1786 2518 iuxta
1815 2462 2019 2539 positis
2057 2460 2321 2519 consulto
2349 2459 2517 2519 ludit.
2572 2465 2816 2538 egregia

640 2547 770 2606 soni
807 2547 1058 2604 imitatio
1095 2543 1347 2605 efficitur
1382 2543 1819 2605 adlitteratione
1851 2563 1958 2625 per
1989 2547 2106 2605 tria
2139 2545 2431 2606 vocabula
2468 2549 2814 2607 continuata

637 2653 683 2691 6.
722 2631 933 2690 LXIV
968 2632 1090 2688 262
1138 2641 1236 2688 aut
1281 2634 1440 2689 tereti
1473 2633 1651 2688 tenui-s
1687 2633 1916 2689 tinnitus
1952 2652 2081 2689 aere
2118 2634 2345 2690 ciebant.
2416 2650 2528 2691 nec
2562 2633 2625 2690 in
2661 2634 2812 2692 eius-

637 2717 769 2775 dem
807 2715 1017 2795 epyllii
1049 2736 1105 2774 v.
1145 2718 1223 2775 28
1268 2714 1420 2775 illud
1465 2725 1584 2774 tene
1630 2717 1813 2773 Thetis
1848 2720 2016 2774 tenuit
2061 2716 2350 2776 excidisse
2392 2725 2603 2795 poetae
2642 2726 2812 2796 puta-

636 2805 842 2875 verim,
881 2804 1224 2880 praesertim
1261 2822 1395 2860 611111
1431 2802 1507 2858 sit
1540 2802 1604 2859 in
1634 2803 1927 2859 concitata
1960 2803 2418 2878 interrogatione
2453 2801 2814 2881 accedatque

636 2887 1050 2966 epanaphorae
1084 2887 1414 2946 artificium.
1472 2885 1625 2944 conf.
1654 2888 1830 2945 etiam
1864 2884 2009 2944 ibid.
2046 2907 2100 2944 v.
2134 2888 2273 2945 101.
2312 2896 2374 2945 at
2406 2907 2465 2947 v.
2503 2888 2584 2946 53
2621 2889 2812 2945 ceden-

636 2982 739 3029 tem
795 2976 958 3030 celeri
1009 2991 1128 3028 cum
1182 2974 1363 3030 classe
1413 2971 1643 3030 nullum
1703 2978 1911 3048 poetae
1964 2971 2275 3030 consilium
2328 2971 2811 3049 adgnoscendum

634 3061 1055 3118 existimamus.
1116 3076 1307 3135 neque
1341 3057 1531 3132 magis
1568 3076 1617 3115 6.
1651 3056 1806 3116 XVI
1845 3057 1922 3113 13
1958 3060 2102 3114 male
2133 3077 2219 3114 me
2250 3077 2475 3129 marem,
2502 3057 2751 3117 XXXV
2772 3060 2809 3116 7

635 3146 688 3200 si
721 3146 923 3217 sapiet,
959 3144 1107 3199 viam
1140 3143 1376 3213 vorabit,
1404 3140 1590 3199 XLII
1610 3140 1647 3198 5
1677 3143 2011 3216 puqillaria,
2050 3144 2101 3199 si
2126 3145 2258 3217 pati
2282 3145 2543 3218 potestte,
2574 3142 2806 3202 XLV5

635 3238 902 3302 quantum
947 3229 1044 3300 qui
1084 3236 1220 3301 pote
1254 3228 1559 3301 plurimum
1600 3229 1806 3300 perire.
1877 3226 2025 3285 haec
2060 3228 2243 3302 igitur
2278 3235 2337 3286 et
2370 3227 2590 3286 similia
2624 3227 2812 3287 multa

634 3332 756 3378 non
793 3309 955 3389 quod
998 3329 1102 3389 per
1146 3317 1331 3369 artem
1367 3313 1651 3388 quaesita,
1698 3309 1804 3369 sed
1837 3310 2015 3390 quod,
2063 3332 2198 3369 cum
2231 3311 2385 3371 ultro
2422 3320 2808 3387 occurrerent,

634 3417 756 3455 non
799 3397 1033 3467 reiecta,
1087 3394 1191 3453 sed
1237 3402 1477 3474 accepta
1513 3402 1651 3454 sunt
1692 3415 1729 3453 a
1765 3394 2017 3469 Catullo,
2063 3416 2345 3473 magnum
2379 3400 2504 3456 eius
2551 3416 2810 3457 amorem

635 3480 1090 3540 adlitterationis
1127 3479 1459 3538 ostendunt.
1529 3480 1847 3539 finitimum
1881 3481 2020 3540 huic
2055 3489 2396 3541 ornamento
2432 3481 2496 3539 id
2531 3490 2619 3541 est
2653 3481 2813 3561 quod

633 3564 1143 3625 homoeoteleuton
1188 3564 1455 3625 dicimus,
1529 3567 1693 3625 cuius
1728 3586 1850 3625 non
1885 3568 1969 3625 ita
2003 3567 2188 3625 multa
2223 3566 2383 3645 apud
2427 3574 2661 3645 poetam
2693 3568 2811 3627 Ve-

633 3659 945 3711 ronensem
981 3650 1254 3729 exempla
1287 3652 1692 3724 inveniuntur,
1739 3653 1791 3710 si
1833 3651 1910 3710 ab
1947 3671 2014 3710 eo
2052 3652 2210 3731 quod
2252 3655 2316 3711 in
2350 3652 2506 3710 binis
2543 3652 2809 3711 versibus

634 3739 927 3795 continuis
958 3744 1065 3806 aut
1098 3738 1313 3794 vicinis
1350 3743 1407 3795 et
1449 3739 1516 3794 in
1548 3736 1913 3813 singulorum
1946 3756 2223 3796 versuum
2257 3737 2643 3796 hemistichiis
2679 3737 2812 3797 fieri

632 3822 782 3881 solet
813 3821 1158 3892 recedimus.
1232 3820 1534 3880 attulimus
1581 3830 1778 3880 autem
1820 3842 1942 3880 non
1984 3821 2169 3896 nulla,
2215 3825 2280 3881 in
2325 3822 2538 3902 quibus
2583 3825 2810 3901 primae

628 3907 866 3986 'quoque
900 3907 1131 3965 litterae
1176 3906 1416 3965 eaedem
1451 3914 1602 3979 sunt,
1648 3909 1767 3965 iam
1801 3906 2002 3986 paullo
2040 3915 2194 3982 ante,
2234 3911 2492 3986 satisque
2524 3907 2810 3966 habemus

628 3991 730 4050 hic
756 4011 941 4049 unum
969 3990 1184 4051 addere
1213 3990 1370 4070 quod
1397 3993 1461 4049 in
1488 3993 1695 4071 primis
1720 3993 1842 4050 vim
1868 3992 2063 4064 habet,
2099 3995 2274 4064 vadit,
2308 3994 2514 4065 fremit,
2552 3994 2812 4067 refrinqit

629 4079 878 4151 virqulta
913 4075 987 4134 de
1023 4074 1195 4135 leone
1230 4075 1487 4155 Cybeles
1525 4076 1746 4135 dictum
1781 4080 1847 4136 in
1884 4098 1931 4136 6.
1969 4077 2189 4136 LXIII
2225 4080 2322 4137 86.
2393 4076 2594 4155 paullo
2630 4077 2810 4136 latius

629 4168 793 4240 patet
845 4161 1071 4238 figurae
1133 4181 1270 4221 usus
1322 4161 1767 4240 etymologicae.
1858 4161 1931 4221 de
1986 4164 2151 4221 cuius
2211 4164 2276 4222 in
2328 4162 2538 4239 lingua
2590 4162 2812 4221 Latina

624 4247 942 4323 generibus
979 4264 1169 4326 nuper
1204 4267 1335 4305 cum
1366 4267 1505 4306 cura
1534 4245 1865 4326 disputavit
1894 4246 2194 4309 Gustavus
2220 4247 2620 4324 Landgrafius
2656 4255 2811 4307 acto-
