3225 5171
814 2814 887 2868 45

921 418 1002 483 38
1484 487 1491 495 ,
1778 429 2114 487 CATULLI

1003 556 1317 639 Hespere,
1357 551 1467 635 qui
1505 553 1680 617 caelo
1715 553 1887 617 lucet
1921 554 2256 618 iucundior
2289 553 2494 639 ignis?

1003 647 1115 731 qui
1151 648 1463 731 desponsa
1498 653 1620 709 tua
1640 646 1853 711 firmes
1890 647 2163 711 conubia
2198 647 2473 722 flamma,

1001 761 1166 823 quae
1200 738 1499 824 pepigere
1535 738 1673 816 viri,
1709 738 2090 825 pepigerunt
2125 750 2271 804 ante
2306 733 2621 824 parentes,

1001 855 1120 897 nec
1154 832 1417 896 iunxere
1450 832 1626 917 prius
1663 854 1856 915 quam
1892 855 1960 896 se
1997 842 2144 895 tuus
2182 832 2406 897 extulit
2441 834 2645 897 ardor.

1005 926 1162 1008 quid
1197 926 1385 990 datur
1418 949 1458 989 a
1493 926 1655 989 divis
1692 926 1860 990 felici
1895 926 2169 1011 optatius
2207 926 2397 990 hora?

1003 1021 1264 1104 Hymen
1301 1040 1338 1082 o
1374 1020 1772 1103 Hymenaee,
1809 1021 2071 1103 Hymen
2107 1019 2258 1083 ades
2295 1040 2332 1082 o
2369 1009 2765 1104 Hymenaee.

1003 1206 1334 1290 Hesperus
1373 1228 1406 1269 e
1444 1204 1648 1281 nobie,
1687 1206 2003 1288 aequales,
2044 1206 2303 1269 abstulit
2336 1228 2551 1271 unam.

1262 1298 1297 1332 ὕ
1850 1299 1885 1332 *¹
2439 1300 2475 1333 ἢ·

1259 1391 1294 1426 *-
1850 1392 1884 1425 {k
2439 1394 2475 1427 ff

1002 1508 1276 1569 namque
1313 1496 1422 1549 tuo
1459 1487 1735 1550 adventu
1774 1487 1993 1571 vigilat
2030 1488 2317 1551 custodia
2349 1509 2620 1571 semper.

1003 1590 1187 1643 nocte
1222 1580 1420 1644 latent
1455 1580 1646 1657 fureS,
1684 1602 1843 1663 quos
1879 1580 2048 1644 idem
2086 1603 2275 1665 saepe
2311 1589 2656 1655 revertens,
2709 1628 2788 1686 W.

945 1728 949 1732 .
1003 1673 1314 1758 Hespere‚
1351 1683 1593 1738 mutato
1630 1674 2009 1760 conprendis
2041 1675 2299 1739 nomine
2334 1673 2531 1738 EouS.
2601 1681 2712 1760 995⁹
2822 1687 2902 1777 ζ»

1005 1777 1072 1863 at
1104 1767 1281 1831 lubet
1315 1767 1595 1852 innuptis
1630 1767 1778 1831 ficto
1816 1780 1876 1832 te
1915 1790 2171 1852 carpere
2208 1777 2456 1850 questu.
2660 1789 2794 1875 ὁρ»

1007 1861 1160 1943 quid
1199 1873 1352 1935 tum,
1391 1861 1444 1925 si
1481 1873 1769 1946 carpunt,
1806 1862 1998 1925 tacita
2033 1883 2224 1944 quem
2261 1872 2472 1927 mente
2509 1861 2881 1943 requirunt?

1005 1957 1265 2039 Hymen
1303 1977 1341 2019 o
1376 1958 1775 2040 Hymenaee,
1814 1958 2077 2041 Hymen
2113 1950 2263 2020 ades
2301 1978 2337 2019 o
2375 1957 2771 2040 Hymenaee.

1005 2154 1077 2208 ut
1111 2144 1225 2207 flos
1260 2143 1327 2206 in
1363 2143 1597 2227 saeptis
1635 2154 1913 2208 secretus
1948 2141 2228 2207 nascitur'
2264 2143 2479 2219 hortis,

1004 2237 1261 2322 ignotus
1297 2237 1531 2322 pecori,
1569 2237 1743 2301 nullo
1782 2238 2118 2302 convolsus
2155 2248 2381 2311 aratr0‚

1003 2446 1195 2508 quem
1229 2424 1510 2488 mulcent
1543 2447 1755 2500 aurae,
1791 2424 2000 2489 firmat
2034 2425 2148 2501 sol,
2186 2424 2415 2489 educat
2449 2423 2669 2499 imber,
2738 2473 2751 2495 .,

1003 2517 1189 2583 multi
1224 2518 1403 2581 illum
1437 2518 1638 2602 pueri,
1677 2518 1911 2582 multae
1949 2529 2245 2604 optavere
2280 2517 2557 2604 puellae3

1005 2613 1186 2681 idem.
1211 2634 1357 2676 cum
1392 2613 1567 2676 tenui
1602 2623 1855 2697 carptus
1893 2613 2184 2677 defloruit
2217 2612 2436 2697 ungui,

1005 2706 1163 2771 nulli
1198 2705 1376 2769 illum
1413 2706 1615 2791 pueri,
1654 2707 1864 2771 nullae
1902 2715 2201 2791 optavere
2236 2707 2514 2792 puellae:

1008 2801 1098 2864 sic
1134 2800 1351 2884 virg0,·.
1372 2800 1525 2863 dum
1559 2796 1797 2864 int-acta
1830 2811 2064 2877 manet,
2102 2800 2252 2863 dum
2291 2822 2437 2863 cara
2472 2799 2618 2862 suis‘
2640 2809 2764 2874 est3

1007 2906 1431 2981 cumscast'um
1469 2893 1678 2957 amisit
1712 2894 1953 2978 polluto
1990 2915 2253 2978 corpore
2287 2894 2526 2967 florem,

1005 3010 1123 3052 nec
1159 2988 1370 3071 pueris
1407 2988 1684 3052 iucunda
1719 2999 1933 3053 manet
1965 3011 2083 3053 nec
2120 2998 2267 3052 cara
2301 2987 2549 3071 puellis.

1003 3083 1267 3165 Hymen
1302 3102 1339 3144 o
1376 3082 1772 3164 Hymenaee,
1809 3083 2070 3165 Hymen
2106 3081 2257 3144 ades
2294 3100 2331 3142 o
2367 3081 2790 3163 Hymenaee..
2823 3136 2824 3139 ,

1005 3276 1079 3329 ut
1112 3266 1307 3329 vidua
1341 3264 1407 3327 in
1441 3265 1615 3328 nudo
1651 3264 1794 3328 vitis
1830 3286 1995 3347 quae
2030 3265 2310 3357 nascitur
2344 3260 2532 3341 arvo,
2841 3318 2845 3323 .

1005 3380 1354 3441 numquam
1391 3379 1458 3421 se
1495 3357 2142 3440 extollit„numquam
2178 3357 2393 3421 mitem
2424 3357 2653 3421 educat
2678 3380 2901 3436 uvam,

1007 3452 1119 3516 sed
1155 3463 1438 3516 tenerum
1474 3472 1675 3534 prono
1714 3452 2053 3516 deflectens
2090 3450 2371 3536 pondere
2409 3472 2634 3534 corpus

1003 3546 1136 3615 iam
1166 3545 1294 3611 iam
1331 3545 1641 3630 contingit
1675 3542 1993 3617 summum
2027 3544 2240 3629 radice
2276 3538 2619 3628 flagellum,

1005 3640 1170 3705 hanc
1203 3638 1362 3703 nulli
1399 3638 1733 3723 agricolae,
1770 3639 1926 3702 nulli
1963 3639 2213 3702 coluere
2250 3637 2496 3701 iuvenci
2506 3661 2525 3713 3

1006 3743 1073 3797 at
1107 3733 1160 3798 si
1194 3732 1357 3796 forte
1392 3731 1612 3796 eadem
1653 3742 1747 3794 est
1782 3731 1953 3794 ulmo
1991 3731 2327 3796 coniuncta
2363 3729 2609 3806 marite,

1005 3825 1187 3891 multi
1220 3824 1394 3888 illam
1430 3825 1765 3908 agricolae,
1802 3824 1985 3887 multi
2022 3825 2271 3888 coluere
2307 3822 2584 3886 iuvenci:

1007 3920 1096 3984 sic
1133 3919 1333 4004 vii-gc,
1371 3918 1525 3981 dum
1559 3908 2065 3995 intactalmanet,
2103 3918 2253 3980 dum
2281 3918 2530 3980 *inculta
2565 3917 2875 3996 senescit3

1007 4036 1152 4079 cum
1185 4035 1304 4099 par
1337 4002 1678 4077 conubium
1714 4022 1961 4077 maturo
1999 4023 2281 4095 tempore
2304 4010 2626 4094 adeptast,

1008 4129 1154 4171 cara
1188 4105 1323 4170 viro
1360 4105 1564 4191 magis
1600 4116 1665 4169 et
1698 4105 1905 4168 minus
1942 4116 2038 4169 est
2071 4105 2275 4168 invisa
2309 4103 2575 4188 parent-i.

1007 4202 1267 4286 Hymen
1303 4222 1341 4263 o
1380 4201 1776 4283 Hymenaee,
1815 4201 2073 4283 Hymen
2112 4198 2263 4262 ades
2300 4220 2335 4261 o
2375 4199 2775 4281 Hymenaee.
