3225 5171
800 467 885 534 68
1656 483 1995 543 CATULLI

1703 672 1926 742 XCV.

886 792 1164 877 Zmyrna
1199 793 1324 859 mei
1362 790 1610 872 Cinnae
1646 815 1880 858 nonam
1914 805 2057 879 post
2093 792 2364 877 denique
2398 817 2672 859 messem
2789 822 2794 827 ·

968 909 1162 969 quam
1197 899 1421 973 coepta
1456 898 1552 951 est
1587 910 1949 970 nonamque
1984 887 2154 952 edita
2188 898 2333 974 post
2367 887 2660 963 hiemem,

880 979 1056 1045 milia
1091 1003 1246 1070 cum,
1272 981 1512 1047 interea
1546 982 1893 1067 quingenta
1921 984 1960 1062 †
1994 974 2377 1046 Hortehius
2411 1003 2542 1045 uno

728 1180 764 1234 5
886 1167 1166 1250 Zmyrna
1201 1190 1390 1232 cavas
1429 1166 1722 1234 Satrachi
1743 1167 2007 1253 -penitus
2040 1167 2325 1233 mittetur
2360 1169 2444 1232 ad
2481 1168 2705 1245 undas,

968 1261 1313 1345 Zmyrnam
1351 1283 1509 1326 cana
1545 1261 1655 1325 diu
1692 1261 1945 1326 saecula
1978 1260 2367 1347 pervoluent.

881 1365 948 1420 at
985 1354 1206 1420 Volusi
1238 1354 1498 1419 annales
1532 1354 1826 1419 Paduam
1863 1354 2211 1420 morientur
2246 1353 2325 1418 ad
2363 1355 2569 1440 ipsam

965 1457 1031 1514 et
1063 1447 1240 1513 laxas
1276 1447 1581 1514 scombris
1618 1471 1806 1534 saepe
1843 1448 2085 1513 dabunt
2120 1447 2385 1512 tunicas·

1692 1886 1945 1954 XCV².
1981 1957 1984 1960 ,

877 2008 1089 2072 Parva
1126 2007 1249 2077 mei
1283 1977 1438 2071 mihi
1475 2007 1600 2072 sint
1636 1983 1809 2070 cordi
1845 2016 2253 2086 monumenta
2289 2005 2549 2071 sodalis:

962 2112 1029 2166 at
1062 2101 1335 2186 populus
1370 2100 1612 2164 tumido
1649 2100 1926 2185 gaudeat
1958 2099 2376 2198 Antimaoh0.·

1687 2539 1941 2607 XCVI.

882 2661 955 2731 Si
990 2662 1333 2745 quicquam
1367 2662 1556 2725 mutis
1593 2658 1844 2746 gratum
1881 2669 2291 2745 acceptumve
2327 2658 2635 2745 sepulcris

966 2755 1249 2836 accidere
1285 2779 1324 2819 a
1357 2766 1594 2830 nostr0,
1634 2753 1853 2829 Calve,
1891 2753 2106 2817 dolore
2143 2763 2370 2839 potest,
2511 2746 2514 2751 '

878 2871 1006 2933 quo
1023 2848 1352 2914 ‘desiderio
1388 2860 1631 2914 veteres
1649 2863 2040 2911 'renovamus
2076 2868 2320 2910 amores

966 2954 1156 3025 atque
1195 2941 1367 3006 Orco
1403 2950 1642 3006 mersas
1677 2941 1901 3005 flemus
1938 2940 2264 3015 amicitias,

727 3055 762 3107 5
879 3048 1045 3102 certe
1081 3057 1208 3099 non
1243 3046 1416 3099 tanto
1451 3057 1622 3099 mors
1653 3035 1970 3111 inmatura
2004 3033 2264 3098 dolorist

966 3128 1333 3210 Quintiliae,
1371 3138 1679 3213 quantum
1714 3127 1953 3212 gaudet
1985 3148 2198 3193 amore
2232 3138 2360 3194 tuo,

1665 3566 1956 3633 XCVII.

874 3691 1042 3767 Non,
1077 3689 1166 3753 ita
1198 3712 1301 3754 me
1338 3687 1403 3752 di
1438 3687 1670 3761 ament}
1708 3686 2047 3770 quicquam
2083 3683 2317 3750 referre
2354 3685 2591 3770 putavi,

959 3795 1254 3848 utrumne
1291 3805 1361 3846 os
1396 3805 1477 3844 an
1515 3783 1727 3845 culum
1763 3780 2099 3844 olfacerem
2135 3779 2431 3844 Aemilio.

871 3880 1001 3943 nilo
1036 3875 1332 3941 mundius
1369 3873 1509 3952 hoc,
1545 3873 1799 3957 niloque
1835 3872 2197 3937 inmundior
2230 3873 2355 3947 ille,

959 3991 1189 4035 verum
1218 3969 1406 4035 etiam
1443 3968 1623 4032 culus
1649 3968 1952 4039 mundior
1986 3979 2047 4031 et
2084 3967 2331 4041 melior:

716 4083 754 4136 5
873 4088 1021 4130 nam
1055 4063 1188 4128 sine
1225 4061 1519 4127 dentibus
1556 4072 1671 4126 est.
1760 4060 1963 4126 dentis
2000 4081 2070 4124 os
2106 4058 2585 4144 sesquipedalis,

958 4156 1247 4244 gingivas
1284 4177 1433 4221 vero
1467 4154 1722 4240 ploxeni
1757 4155 1950 4218 habet
1985 4153 2232 4230 veteris,
2401 4148 2408 4151 ’

871 4262 1196 4340 praeterea
1230 4249 1455 4314 rictum
1493 4248 1744 4333 qualem
1782 4247 2059 4312 diffissus
2095 4247 2161 4311 in
2196 4257 2375 4312 aestu
