3225 5171
1211 477 1664 522 Pnomoolfflru
2421 480 2527 521 LXI

347 592 647 680 parergon
680 618 739 676 p.
778 596 900 656 623
930 616 1003 657 ss.
1073 599 1192 656 iam
1236 619 1367 658 cum
1400 597 1717 658 Suetonius
1762 599 1826 656 in
1868 600 1995 657 vita
2026 598 2169 658 Iulii
2201 591 2259 658 'c.
2299 599 2377 656 73
2416 598 2529 658 Ca-

346 683 563 743 tullum
590 681 832 742 Caesari
869 684 1011 741 satis
1039 682 1245 742 fecisse
1272 682 1347 743 ab
1377 702 1562 762 eoque
1591 700 1771 742 cenae
1799 680 2128 743 adhibitum
2158 702 2284 742 esse
2309 691 2525 757 narret,

348 789 473 828 non
507 774 703 846 potest
749 766 993 827 dubium
1038 786 1165 827 esse
1200 768 1345 847 quin
1390 767 1513 828 fere
1554 767 1713 826 idem
1756 769 1932 827 etiam
1974 771 2039 826 in
2082 768 2221 827 libri
2263 767 2337 827 de
2379 770 2528 828 viris

347 853 701 914 inlustribus
737 871 809 912 ea
852 860 1020 932 parte
1054 872 1205 931 quae
1251 862 1378 913 erat
1413 852 1487 912 de
1519 856 1727 931 poetis,
1774 852 1880 912 sed
1921 852 2020 912 hic
2054 853 2293 932 quidem
2326 853 2527 931 paullo

349 937 603 1019 plenius,
650 936 954 998 rettulerit.
1014 936 1231 1016 quodsi
1272 939 1358 997 ibi
1398 940 1659 1016 repperit
1689 937 2091 1015 Hieronymus
2130 938 2428 998 Catullum
2460 941 2527 997 in

346 1022 557 1083 Gallia
592 1025 877 1095 citeriore,
923 1043 1055 1082 cum
1084 1021 1306 1082 Caesar
1329 1021 1407 1081 ad
1434 1030 1759 1082 conventus
1786 1022 2048 1099 agendos
2082 1022 2225 1081 illuc
2252 1026 2525 1096 venisset,

347 1108 426 1167 ab
464 1127 534 1167 eo
569 1111 895 1186 inpetrasse
919 1111 1177 1180 veniam,
1213 1127 1336 1166 non
1360 1107 1545 1167 multo
1572 1115 1769 1167 autem
1794 1116 1928 1186 post
1952 1108 2205 1167 Romam
2226 1127 2527 1168 reversum

346 1196 644 1252 tricesimo
681 1194 890 1251 aetatis
925 1212 1081 1251 anno
1116 1200 1408 1253 mortuum
1442 1211 1585 1265 esse,
1625 1192 1796 1251 facile
1832 1192 1959 1251 fieri
1993 1197 2186 1270 potuit
2208 1200 2275 1252 ut
2300 1193 2524 1252 obitum

351 1286 564 1357 poetae
615 1280 680 1336 in
732 1281 988 1356 primum
1040 1278 1138 1337 vel
1191 1277 1440 1338 alterum
1491 1278 1923 1356 proconsularis
1975 1280 2209 1356 imperii
2255 1276 2525 1336 Caesaris

349 1383 573 1423 annum
607 1362 868 1422 incidere
911 1370 1189 1438 sumeret3
1233 1361 1395 1421 unde
1437 1381 1802 1440 consequens
1846 1370 1972 1421 erat
2011 1371 2080 1422 ut
2118 1361 2526 1438 undetriginta

350 1448 453 1509 vel
484 1449 731 1525 triginta
766 1449 938 1506 annis
982 1447 1200 1506 additis
1244 1447 1473 1506 natales
1512 1446 1734 1506 Catulli
1777 1446 1856 1505 ad
1898 1467 2119 1505 annum
2155 1447 2300 1506 Abr.
2341 1448 2523 1519 1930,

348 1536 390 1592 1.
429 1552 478 1591 e.
517 1527 764 1608 667s87',
800 1531 1174 1592 adscriberet.
1242 1551 1448 1592 verum
1484 1539 1618 1590 utut
1650 1532 1762 1591 hoc
1797 1550 1924 1590 sese
1957 1531 2152 1606 habet,
2199 1539 2354 1592 certe
2389 1552 2524 1590 con-

349 1619 481 1696 puti
514 1617 989 1696 Hieronymiani,
1035 1635 1286 1696 quorum
1328 1617 1477 1676 alter
1521 1619 1625 1695 qui
1667 1616 1747 1675 ad
1790 1637 2013 1675 annum
2055 1619 2257 1677 mortis
2302 1615 2525 1676 Catulli

348 1705 605 1781 pertinet
645 1701 956 1761 manifesto
1001 1711 1178 1782 atque
1230 1703 1527 1761 communi
1580 1721 1868 1761 consensu
1908 1705 2156 1762 vitiosus
2200 1710 2304 1774 est,
2358 1701 2522 1761 nullo

344 1786 526 1846 modo
560 1807 670 1846 nos
713 1787 1026 1866 inpediunt
1060 1791 1205 1866 quin
1248 1790 1409 1847 vitae
1451 1796 1681 1864 tempus
1723 1794 1931 1865 poetae
1972 1788 2058 1844 ita
2101 1789 2524 1846 constituamus

348 1880 420 1931 ut
455 1872 725 1931 omnibus
759 1892 910 1950 quae
944 1872 1059 1930 huc
1093 1871 1319 1932 faciunt
1350 1871 1526 1932 rebus
1561 1870 1763 1930 sedulo
1798 1872 2105 1950 pensitatis
2139 1874 2266 1930 veri
2301 1872 2526 1930 similli-

346 1978 513 2016 mum
540 1955 709 2016 nobis
734 1956 987 2016 videtur.
1037 1959 1253 2035 itaque,
1282 1977 1416 2014 cum
1440 1959 1596 2015 inter
1624 1958 1886 2015 carmina
1913 1955 2251 2014 Catulliana
2277 1976 2525 2034 quorum

346 2050 615 2120 tempora
641 2040 889 2101 definire
920 2041 1060 2101 licet
1086 2041 1314 2100 nullum
1339 2043 1677 2100 inveniatur
1702 2039 1860 2119 quod
1883 2050 2016 2117 post
2043 2060 2264 2099 annum
2295 2042 2328 2097 7
2332 2037 2524 2117 00l54

334 2130 632 2205 ‘scriptum
669 2145 795 2186 esse
831 2126 1217 2186 demonstrari
1250 2128 1454 2203 possit,
1490 2123 1798 2203 probabile
1832 2131 1921 2183 est
1955 2142 2098 2184 sane
2134 2132 2370 2203 poetam
2402 2145 2523 2184 non

344 2215 435 2270 ita
468 2212 650 2271 multo
694 2218 828 2289 post
861 2208 1056 2270 evita
1100 2213 1444 2281 excessisse,
1490 2210 1835 2288 praesertim
1878 2228 2010 2267 cum
2054 2228 2186 2268 eum
2228 2211 2521 2269 tricesimo

345 2299 560 2355 aetatis
596 2316 753 2354 anno
789 2302 1083 2353 mortuum
1118 2313 1244 2355 esse
1279 2293 1552 2353 Suetonii
1584 2295 1916 2353 testimonio
1952 2302 2194 2353 constet.
2254 2302 2315 2353 at
2350 2297 2524 2354 mira-

345 2402 482 2440 mur
517 2378 818 2439 Catullum
863 2399 900 2437 a
941 2378 1237 2458 plerisque
1280 2378 1441 2438 credi
1483 2382 1610 2457 ipso
1657 2399 1814 2437 anno
1858 2378 1959 2437 illo
2008 2377 2235 2457 700s54
2277 2390 2524 2440 mortem

348 2465 563 2537 obisse,
609 2466 779 2543 quasi
815 2473 1003 2541 poeta,
1048 2464 1154 2522 ubi
1186 2466 1437 2542 primum
1472 2482 1676 2524 versus
1711 2463 1904 2523 facere
1948 2462 2194 2538 desinat,
2241 2468 2521 2524 continuo

345 2549 564 2609 debeat
608 2548 685 2609 ad
735 2547 952 2608 inferos
997 2547 1365 2610 descendere.
1434 2568 1647 2629 neque,
1710 2551 1760 2608 si
1802 2548 2030 2609 nullum
2073 2569 2232 2610 nunc
2284 2569 2524 2610 carmen

351 2632 757 2695 Catullianum
784 2655 943 2693 anno
973 2632 1199 2711 700s54
1228 2635 1472 2694 inferius
1497 2638 1806 2714 reperitur,
1842 2643 2077 2714 poetam
2103 2635 2256 2695 nihil
2282 2640 2521 2696 omnino

345 2729 479 2798 post
511 2720 669 2779 hunc
703 2739 927 2780 annum
960 2723 1262 2799 scripsisse
1296 2723 1570 2800 sequitur.
1628 2739 1767 2778 nam
1794 2728 1854 2779 et
1877 2723 2180 2798 perierunt
2206 2741 2328 2779 non
2353 2721 2521 2779 nulla

326 2815 407 2864 ‘et
449 2825 652 2864 eorum
687 2823 837 2884 quae
881 2812 1112 2865 servata
1156 2813 1293 2865 sunt
1334 2804 1521 2862 multa
1563 2813 1719 2864 certo
1764 2807 2042 2882 temporis
2086 2807 2256 2882 signo
2301 2814 2519 2864 carent.

343 2897 440 2949 est
475 2899 672 2949 autem
704 2893 860 2950 inter
893 2890 1039 2949 haec
1072 2910 1256 2949 unum
1291 2890 1499 2948 saltem
1524 2887 1685 2967 quod
1721 2888 1921 2968 aliqua
1947 2909 2079 2948 cum
2104 2887 2521 2967 probabilitate

341 2995 504 3033 anno
554 2978 668 3033 isto
720 2977 1007 3053 posterius
1061 2994 1188 3034 esse
1238 2977 1520 3045 conicias,
1576 2993 1813 3032 carmen
1855 2973 2205 3033 XXXVIII
2257 2972 2389 3033 dico
2442 2973 2521 3032 ad

344 3057 731 3118 Cornificium
765 3061 1023 3131 missum,
1058 3063 1125 3118 in
1161 3079 1277 3139 quo
1316 3050 1583 3117 Cat-ullus
1621 3058 1787 3116 sibi
1767 3079 1833 3117 1n
1870 3057 1992 3118 dies
2029 3066 2088 3118 et
2120 3058 2294 3117 horas
2329 3063 2519 3135 magis

343 3142 502 3202 male
536 3150 594 3201 et
626 3143 914 3203 laboriose
949 3163 1075 3204 esse
1109 3144 1390 3223 queritur,
1425 3151 1492 3202 ut
1525 3164 1647 3202 non
1682 3162 1877 3203 errare
1920 3143 2235 3202 videantur
2267 3146 2369 3223 qui
2412 3144 2517 3203 hos

345 3228 666 3287 versiculos
701 3230 821 3285 iam
846 3230 1142 3288 mortifere
1177 3230 1508 3305 aegrotanti
1543 3229 1884 3288 attribuant.
1938 3228 2148 3307 quodsi
2174 3248 2307 3288 cum
2332 3229 2519 3288 flebili

340 3313 456 3379 hoc
500 3314 812 3392 poematio,
866 3311 1090 3372 adflicti
1142 3315 1401 3391 graviter
1454 3316 1639 3372 animi
1684 3313 2045 3387 documento,
2099 3313 2205 3372 illa
2257 3316 2520 3373 carmina

340 3397 695 3476 conparabis
740 3416 891 3476 quae
934 3417 1112 3475 supra
1161 3406 1358 3457 nostro
1403 3401 1529 3458 iure
1574 3419 1731 3458 anno
1779 3394 2007 3477 700154
2053 3398 2512 3475 adsignavimus,

343 3482 523 3560 longe
560 3481 857 3542 diversum
902 3484 966 3540 in
1011 3484 1095 3541 eis
1139 3502 1346 3541 sonum
1388 3482 1808 3563 deprehendes.
1879 3483 2197 3544 ostendunt
2240 3486 2399 3542 enim
2444 3503 2517 3543 ea

339 3576 447 3627 aut
481 3566 729 3626 hilarem
764 3567 1136 3645 alacremque
1169 3570 1445 3640 animum,
1488 3569 1676 3627 veluti
1719 3590 1767 3627 c.
1803 3569 1960 3627 LIII
2007 3577 2066 3627 et
2106 3570 2296 3644 magis
2339 3570 2517 3628 etiam

342 3652 472 3726 LV,
511 3652 668 3732 quod
702 3673 857 3711 novo
893 3654 1133 3730 insuper
1165 3660 1306 3711 tunc
1341 3673 1537 3712 amore
1570 3660 1806 3732 poetam
1840 3661 2075 3730 captum
2117 3652 2299 3711 fuisse
2343 3659 2517 3711 testa-

340 3744 455 3809 tur,
494 3745 596 3796 aut
632 3737 1008 3798 acerbitatem
1042 3736 1199 3809 salis,
1246 3746 1310 3796 ut
1346 3759 1393 3796 c.
1429 3738 1642 3795 XLIX
1689 3746 1748 3796 et
1783 3746 2059 3817 quattuor
2093 3740 2518 3815 epigrammata

340 3825 411 3880 in
451 3822 779 3881 Mentulam
826 3824 1058 3900 scripta,
1106 3840 1299 3899 neque
1342 3820 1529 3881 ullum
1570 3821 1857 3881 indicium
1899 3825 2267 3901 propinquae
2310 3825 2513 3881 mortis

342 3925 488 3985 prae
532 3926 594 3966 se
638 3906 848 3966 ferunt.
917 3906 1077 3986 quod
1119 3927 1253 3966 cum
1297 3906 1443 3979 dico,
1497 3926 1575 3966 ne
1619 3927 1666 3965 c.
1710 3907 1833 3966 LII
1876 3906 2112 3985 quidem
2155 3908 2404 3986 excipio,
2449 3911 2516 3966 in

339 4011 463 4070 quo
514 3991 814 4070 Hauptius
868 3992 1034 4064 olim,
1095 4011 1227 4051 cum
1278 3991 1386 4051 1108
1445 3990 1673 4050 iambos
1725 3993 1969 4051 Vatinio
2028 3992 2268 4052 consule
2327 3992 2514 4051 factos

342 4083 593 4155 putaret,
632 4077 930 4155 quandam
964 4080 1135 4157 quasi
1169 4078 1371 4135 mortis
1407 4080 1879 4155 praesensionem
1914 4076 2202 4156 fractique
2237 4079 2418 4137 animi
2455 4086 2515 4137 et

342 4163 441 4220 cui
484 4163 644 4221 vitae
693 4170 1026 4241 pertaesum
1080 4170 1231 4222 esset
1282 4162 1575 4221 adfectum
1628 4162 1741 4221 sibi
1792 4161 2153 4239 adgnoscere
2203 4162 2517 4222 videbatur

341 4246 526 4321 (conf.
561 4266 756 4327 opusc.
792 4248 842 4321 Ι,
877 4268 934 4327 p.
973 4243 1103 4324 11);
1150 4268 1325 4327 quam
1366 4249 1704 4327 opinionem
1746 4255 1951 4327 postea
1992 4248 2187 4328 ipsum
2230 4247 2518 4308 abiecisse
