3225 5171
764 439 822 476 X
1643 433 1838 475 PROLE
1844 433 2094 476 GOMENA

764 553 982 612 adnot.
1022 553 1239 612 critica.
1300 570 1494 631 neque
1528 551 1750 611 Lesbia
1783 552 1894 610 hac
1929 554 2362 631 opportunitate
2399 553 2511 612 sibi
2547 561 2613 611 ut
2646 559 2950 612 matronae

764 636 1087 698 ⁴commoda
1131 640 1219 695 uti
1262 637 1469 695 noluit.
1540 639 1660 695 iam
1696 636 1965 695 Catullus
2000 640 2123 696 voti
2157 637 2398 696 tandem
2432 658 2666 715 compos
2701 637 2952 698 felicita-⁷

764 732 899 783 ⁴tem
951 742 1116 782 suam
1167 721 1576 800 pulcherrimis
1631 723 1985 781 carminibus
2020 724 2078 782 V
2120 730 2178 781 et
2209 723 2335 782 VII
2380 725 2673 801 exprimit.
2743 742 2947 782 verum

669 840 672 845 ·
777 816 1038 886 tempore
1077 806 1277 885 aliquo
1321 807 1716 885 praeterlapso
1750 807 1969 866 Lesbia
2005 806 2080 865 ab
2123 807 2227 865 illo
2272 825 2397 867 sese
2441 809 2706 881 removit,
2753 826 2949 887 neque

767 902 974 952 ¹tamen
1008 891 1254 951 fortasse
1290 910 1359 950 eo
1396 892 1641 950 consilio
1675 899 1746 950 ut
1791 891 1923 951 aliis
1959 892 2316 951 amatoribus
2361 910 2424 951 se
2467 891 2721 954 dederet.
2790 899 2949 952 certe

775 986 951 1057 poeta
987 996 1119 1036 cum
1155 996 1202 1034 c.
1238 976 1416 1049 VIII,
1455 976 1616 1056 quod
1650 976 1726 1035 ad
1770 977 1925 1035 hanc
1958 977 2192 1055 puellae
2234 977 2311 1045 ab
2355 979 2485 1056 ipso
2530 977 2946 1037 alienationem

773 1065 1054 1143 pertinet,
1099 1062 1514 1134 conscriberet,
1555 1061 1819 1120 nondum
1854 1062 1976 1120 ullo
2018 1061 2193 1122 modo
2229 1061 2305 1121 de
2343 1062 2594 1141 perfidia
2626 1065 2752 1122 eius
2788 1064 2945 1140 cogi-

764 1149 967 1221 tabat,
1023 1154 1090 1206 ut
1132 1166 1335 1207 versus
1383 1147 1632 1205 14-—18
1676 1146 1902 1226 liquido
1946 1146 2361 1207 demonstrant.
2432 1147 2645 1227 quodsi
2686 1149 2819 1226 quis
2866 1147 2946 1206 ad

772 1236 993 1313 primos
1037 1233 1314 1290 carminis
1358 1232 1417 1292 V
1459 1232 1779 1291 versiculos
1823 1234 2084 1291 animum
2127 1231 2460 1305 intenderit,
2507 1252 2575 1292 eo
2617 1234 2813 1312 potius
2856 1235 2945 1292 in·

774 1319 1021 1377 clinabit
1071 1325 1138 1376 ut
1177 1316 1455 1375 Lesbiam
1505 1318 1836 1376 rumoribus
1881 1317 2233 1396 quibusdam
2277 1317 2351 1377 de
2400 1336 2509 1376 sua
2550 1320 2614 1377 in
2667 1319 2946 1375 maritum

766 1403 1127 1463 »infidelitate
1159 1404 1423 1461 territam
1458 1419 1585 1461 esse
1622 1410 1723 1461 aut
1765 1403 1979 1461 amoris
2016 1401 2237 1463 Catulli
2281 1409 2608 1480 pertaesam
2643 1422 2839 1461 coram
2873 1421 2942 1461 eo

766 1490 893 1548 tale
925 1486 1071 1567 quid
1107 1486 1412 1546 simulasse
1447 1493 1681 1545 statuat.
1734 1489 1890 1547 inter
1922 1486 2033 1545 hoc
2068 1485 2378 1546 discidium
2413 1486 2648 1546 videtur
2684 1507 2732 1546 c.
2758 1485 2945 1546 XCII

770 1576 1054 1651 scriptum
1089 1590 1231 1632 esse.
1286 1570 1446 1650 quod
1478 1591 1555 1631 ne
1591 1571 1798 1632 eodem
1831 1581 2093 1651 tempore
2128 1592 2244 1651 quo
2273 1592 2322 1633 c.
2348 1571 2696 1630 LXXXIII
2721 1572 2943 1630 factum

771 1666 992 1738 putem,
1044 1658 1174 1735 ipsa
1218 1659 1551 1733 argumenti
1597 1660 2000 1733 congruentia,
2053 1664 2292 1735 propter
2332 1677 2512 1736 quam
2553 1657 2818 1735 plerique
2865 1655 2942 1714 ad

763 1745 928 1803 *hane
964 1743 1300 1821 opinionem
1328 1740 1564 1800 deducti
1600 1750 1752 1814 sunt,
1789 1762 1882 1801 me
1917 1741 2201 1818 prohibet.
2257 1760 2449 1820 neque
2475 1741 2537 1799 id
2565 1744 2628 1800 in
2651 1743 2941 1819 posterius

768 1827 923 1887 illud
954 1836 1185 1905 tempus
1214 1825 1466 1906 quadrat
1499 1829 1595 1884 cui
1626 1847 1673 1885 c.
1701 1827 2004 1887 LXXXV
2030 1835 2373 1903 argumento
2410 1826 2616 1899 simile,
2655 1825 2758 1885 sed
2783 1825 2943 1906 quod

769 1914 955 1972 multo
990 1912 1459 1973 vehementiores
1494 1914 1679 1970 animi
1715 1920 1907 1971 motus
1947 1913 2314 1986 testificetur,
2361 1910 2798 1971 attribuendum
2837 1918 2939 1970 est.

760 2019 910 2058 mam
962 1997 1145 2057 verba
1189 1997 1493 2075 ‘deprecor
1543 1996 1710 2055 illam
1751 1995 2065 2070 Adsidue,’
2120 2017 2272 2076 quae
2324 1997 2519 2056 verbis
2565 1996 2809 2056 ‘Lesbia
2858 1996 2944 2054 mi

764 2083 917 2143 dicit
967 2101 1195 2161 semper
1245 2082 1445 2155 male’,
1498 2090 1568 2142 ut
1618 2084 1738 2140 iam
1793 2082 2022 2142 Gellius
2075 2082 2200 2142 VII
2248 2083 2324 2140 16
2376 2082 2453 2139 13
2497 2080 2578 2138 Η.
2631 2081 2938 2155 intellexit,

768 2175 1044 2228 accurate
1077 2166 1449 2245 respondent,
1485 2187 1605 2226 non
1642 2175 1780 2227 sunt
1803 2167 2238 2244 indignabundi
2276 2165 2349 2225 de
2373 2165 2625 2244 perfidia
2658 2166 2939 2240 mulieris,

762 2252 875 2314 sed
909 2251 988 2311 ad
1021 2252 1220 2311 solitas
1257 2252 1580 2310 amantium
1625 2254 1741 2311 iras
1785 2255 2096 2331 pertinent.
2165 2251 2351 2311 nihilo
2396 2253 2590 2309 minus
2635 2252 2943 2310 alienatio·

768 2356 907 2397 nem
951 2356 1152 2396 eorum
1196 2336 1565 2414 aliquantum
1607 2339 1885 2414 temporis
1930 2337 2235 2397 duravisse
2275 2334 2604 2416 putandum
2647 2344 2751 2394 est.
2821 2339 2942 2395 iam

764 2424 929 2483 enim
957 2421 1227 2480 Catullus
1265 2439 1424 2498 spem
1460 2423 1526 2478 in
1560 2423 1814 2497 gratiam
1842 2441 1976 2480 cum
2000 2421 2219 2481 Lesbia
2252 2420 2539 2481 redeundi
2574 2419 2938 2499 deposuerat.

766 2515 970 2566 tamen
1006 2505 1217 2565 fefellit
1251 2524 1385 2564 eum
1421 2507 1638 2584 opinio.
1708 2505 1910 2584 puella
1951 2509 2277 2583 insperanti
2320 2505 2473 2564 ultro
2519 2524 2646 2565 sese
2687 2508 2941 2564 restituit

766 2590 843 2668 (c.
884 2589 1101 2666 CVII).
1155 2591 1552 2651 reconciliatio
1589 2591 1914 2651 amantium
1959 2611 2006 2650 c.
2042 2592 2321 2652 XXXVI
2354 2591 2551 2670 lepide
2587 2591 2938 2667 celebratur3

758 2680 833 2737 ain
869 2698 985 2757 quo
1021 2679 1123 2756 qui
1158 2697 1214 2734 v.
1245 2675 1282 2734 5
1319 2684 1716 2756 memorantur
1748 2684 1942 2736 truces
1978 2676 2161 2735 iambi
2196 2697 2233 2735 a
2267 2684 2443 2754 poeta
2475 2678 2707 2749 vibrati,
2746 2676 2819 2736 de
2856 2679 2939 2736 eis

767 2765 873 2843 qui
924 2761 1002 2821 ad
1055 2769 1317 2820 nostram
1361 2768 1615 2821 aetatem
1666 2771 2062 2839 pervenerunt
2111 2783 2231 2821 non
2285 2760 2529 2820 dubium
2575 2779 2700 2820 esse
2750 2768 2942 2839 potest

752 2850 915 2927 quin
956 2867 1161 2907 versus
1205 2846 1584 2925 hipponactei
1628 2849 1905 2906 carminis
1949 2847 2108 2907 VIII
2153 2846 2539 2923 intellegendi
2585 2848 2718 2905 sint.
2780 2845 2942 2904 haud

765 2934 1018 2992 multum
1051 2939 1187 3012 post
1218 2934 1547 2992 restitutam
1581 2932 1957 2992 concordiam
1987 2930 2255 2992 Catullus
2291 2952 2337 2989 c.
2369 2931 2511 2990 CIV
2545 2932 2610 2990 in
2644 2930 2941 2990 hominem

751 3018 1064 3097 -quendam
1117 3018 1417 3076 invehitur
1460 3020 1564 3096 qui
1607 3017 1768 3098 quod
1811 3019 2047 3096 sequius
2094 3016 2410 3096 aliquando
2454 3015 2557 3075 ille
2601 3014 2676 3074 de
2719 3014 2941 3075 Lesbia

764 3104 996 3162 locutus
1048 3111 1175 3162 erat
1223 3104 1425 3179 inepte
1477 3102 1787 3179 evulgasse
1839 3101 2088 3162 videtur.
2168 3104 2232 3160 in
2285 3105 2450 3161 cuius
2502 3102 2940 3179 epigrammatis

755 3206 942 3246 versu
986 3194 1249 3246 extremo
1295 3186 1439 3264 quid
1483 3188 1561 3245 sit
1610 3186 1837 3247 ‘omnia
1888 3194 2149 3247 monstra
2193 3186 2364 3245 facis’
2412 3186 2721 3264 conplures
2765 3187 2940 3246 inter·

765 3279 960 3351 pretes
1013 3276 1454 3350 perspexerunt.
1526 3270 1631 3331 sed
1673 3272 2023 3349 Tapponem
2075 3272 2161 3331 ibi
2214 3278 2729 3331 commemoratum
2782 3268 2939 3349 quod

753 3377 970 3416 omnes
1003 3376 1110 3434 pro
1148 3375 1268 3414 uno
1317 3375 1393 3417 ex
1426 3354 1726 3414 sodalibus
1764 3355 1984 3417 Catulli
2026 3355 2274 3427 habent,
2320 3355 2602 3415 adsentiri
2644 3374 2765 3413 non
2809 3374 2941 3432 pos-

765 3461 985 3515 sumus,
1025 3460 1381 3519 quamquam
1410 3460 1737 3516 cognomen
1767 3442 2098 3501 Romanum
2134 3440 2284 3500 illud
2312 3441 2493 3500 fuisse
2518 3437 2678 3498 haud
2703 3440 2941 3515 ignora·

756 3548 909 3587 mus.
962 3527 1282 3604 permirum
1335 3533 1424 3586 est
1466 3528 1624 3585 enim
1667 3525 1827 3605 quod
1869 3528 1920 3585 is
1964 3546 2138 3606 quem
2187 3534 2364 3605 poeta
2410 3528 2473 3583 in
2516 3525 2627 3583 hoc
2680 3526 2941 3583 carmine

764 3611 1095 3690 compellat,
1131 3610 1237 3671 sed
1266 3632 1389 3671 non
1415 3613 1698 3684 nominat,
1734 3612 2035 3671 levissima
2059 3631 2327 3691 quaeque
2360 3610 2555 3669 verbis
2590 3627 2941 3688 exasperare

760 3698 979 3757 dicitur
1014 3717 1156 3756 cum
1200 3696 1342 3756 alio
1386 3698 1808 3755 nominatim
1851 3695 2119 3769 adlato,
2165 3715 2358 3776 neque
2393 3698 2519 3756 eius
2552 3696 2639 3753 rei
2674 3713 2827 3773 quae
2863 3696 2940 3753 sit

765 3786 918 3841 ratio
954 3781 1076 3841 ullo
1114 3780 1287 3841 modo
1323 3781 1705 3858 intellegitur.
1775 3781 1983 3841 videor
2015 3788 2210 3840 autem
2245 3782 2395 3840 mihi
2428 3780 2490 3838 id
2533 3778 2694 3858 quod
2735 3798 2942 3837 verum

763 3875 854 3927 est
888 3868 1106 3927 eruisse
1143 3886 1254 3945 ope
1288 3865 1607 3943 fragmenti
1641 3868 2040 3945 inscriptionis
2077 3866 2379 3925 cuiusdam
2405 3864 2691 3925 Vercellis
2724 3864 2942 3942 reperti

765 3961 825 4012 et
851 3973 886 4011 a
914 3951 1229 4010 Theodoro
1255 3953 1621 4012 Mommseno
1655 3953 1892 4010 tractati
1927 3954 1990 4011 in
2026 3971 2302 4011 consessu
2330 3951 2624 4009 societatis
2651 3947 2940 4008 archaeol.

763 4036 957 4097 Berol.
1008 4036 1102 4095 die
1138 4036 1245 4096 VI.
1283 4039 1500 4096 mensis
1542 4038 1705 4096 Iunii
1748 4038 1892 4095 anni
1931 4037 2093 4095 1882
2140 4035 2368 4107 habito,
2414 4032 2489 4092 de
2530 4053 2646 4113 quo
2690 4033 2943 4093 relatum

761 4131 852 4182 est
883 4124 947 4181 in
985 4121 1209 4200 ephem.
1239 4122 1526 4181 archaeol.
1553 4129 1592 4179 t.
1625 4121 1760 4191 XL,
1800 4120 1907 4181 col.
1942 4122 2078 4179 176.
2134 4139 2209 4179 ex
2236 4137 2306 4180 ea
2342 4120 2499 4177 enim
2535 4120 2936 4197 inscriptione,

748 4225 917 4287 quae
965 4206 1287 4266 secundum
1340 4207 1665 4268 litterarum
1718 4206 1937 4264 formas
1980 4204 2240 4282 Augusti
2291 4203 2654 4281 temporibus
2706 4202 2945 4262 videtur
