3225 5171
1140 456 1592 502 PROLEGOMENA
2370 454 2459 495 XV

278 579 458 638 liuius
510 580 835 638 sententiae
887 577 1028 638 olim
1079 577 1155 637 ab
1208 575 1459 638 Octavio
1511 574 1890 652 Pantagatho
1942 573 2207 654 prolatae
2257 579 2452 651 patro-

283 666 507 724 cinium
549 671 944 743 susceperunt.
1006 661 1110 723 sed
1151 670 1219 721 ut
1251 662 1396 721 illuc
1429 662 1588 722 unde
1624 663 1746 721 abii
1786 659 2043 733 redeam,
2090 678 2315 717 summo
2352 656 2460 716 ad-

280 749 474 809 fectus
509 757 596 808 est
632 747 900 808 Catullus
935 747 1152 821 dolore,
1190 768 1323 807 cum
1368 750 1546 807 etiam
1579 747 1805 806 Rufum
1838 766 2027 819 suum,
2065 746 2161 804 cui
2202 752 2269 803 ut
2312 745 2453 802 ami-

285 854 388 893 cus
432 837 619 893 amico
663 834 907 893 firmiter
950 833 1203 892 confisus
1248 840 1425 905 esset,
1471 832 1605 892 dolo
1652 831 1806 891 malo
1852 850 2023 890 usum
2068 850 2201 888 cum
2235 828 2464 888 Lesbia

284 918 583 979 moechari
624 918 868 979 videret.
949 937 1132 997 quare
1183 937 1319 978 eum
1363 939 1411 977 c.
1455 917 1766 977 LXXVII
1813 918 1974 976 vitae
2025 933 2167 975 suae
2218 913 2458 973 crudele

283 1023 580 1066 venenum
617 1012 793 1083 atque
827 1010 1052 1083 pestem
1085 1005 1378 1062 amicitiae
1414 1021 1555 1062 suae
1591 1005 1652 1079 (i.
1684 1021 1733 1062 e.
1769 1001 2023 1061 foederis
2057 1019 2191 1059 cum
2216 998 2453 1069 Lesbia,

283 1098 352 1149 ut
392 1097 552 1149 recte
594 1091 1012 1167 interpretatus
1054 1096 1144 1148 est
1174 1088 1475 1167 Hauptius
1520 1107 1719 1167 opusc.
1764 1088 1814 1159 Ι,
1861 1106 1914 1164 p.
1954 1082 2102 1160 215)
2137 1091 2326 1143 vocat.
2390 1091 2464 1142 ut

285 1181 484 1234 autem
527 1173 641 1233 hoc
683 1176 1106 1253 epigrammate
1157 1173 1334 1232 simul
1375 1193 1440 1232 os
1492 1175 1770 1273 inpurum
1812 1170 1971 1230 Rufo
2015 1170 2351 1249 exprobrat,
2405 1170 2457 1228 si

286 1258 527 1337 quidem
560 1278 767 1318 versus
808 1261 1014 1317 7—10
1049 1260 1113 1316 in
1147 1257 1446 1318 codicibus
1493 1259 1741 1317 carmini
1773 1255 2119 1316 LXXVIII
2161 1254 2310 1314 falso
2354 1252 2462 1317 ad-

286 1361 473 1403 nexos
516 1351 676 1403 recte
716 1343 832 1402 huc
876 1345 1107 1402 traiecit
1150 1343 1434 1420 Scaliger,
1487 1345 1573 1402 ita
1618 1362 1752 1402 eum
1804 1362 1853 1400 c.
1896 1340 2114 1400 LXIX
2155 1348 2460 1419 tamquam

287 1427 517 1487 alarum
550 1429 714 1488 hirco
757 1428 1124 1487 laborantem
1159 1427 1388 1488 deridet
1430 1434 1489 1487 et
1523 1448 1570 1487 c
1606 1427 1758 1486 LIX
1801 1434 2042 1527 propter
2085 1424 2459 1504 inpudicissi-

286 1534 450 1572 mum
501 1534 635 1573 cum
678 1516 892 1573 misera
935 1513 1190 1593 quadam
1236 1513 1583 1573 muliercula
1634 1513 2047 1573 commercium
2099 1512 2470 1588 perstringit

285 1605 591 1677 praeterea
640 1600 744 1678 qui
793 1618 926 1658 cum
979 1618 1028 1658 c.
1071 1599 1379 1658 LXXVII
1428 1600 1841 1678 conparaverit
1892 1618 1941 1656 c.
1992 1596 2300 1667 LXXIII,
2353 1595 2459 1654 ubi

285 1691 465 1762 poeta
498 1682 572 1744 de
608 1685 781 1743 amici
808 1683 1129 1757 cuiusdam,
1168 1686 1334 1742 cuius
1359 1702 1579 1743 nomen
1602 1704 1725 1742 non
1751 1681 1960 1755 adfert,
1998 1683 2232 1758 ingrato
2259 1682 2466 1740 animo

289 1769 502 1828 acerbe
551 1771 831 1848 queritur,
884 1771 990 1827 vix
1043 1767 1338 1829 dubitabit
1387 1768 1498 1828 hoc
1541 1787 1776 1849 quoque
1818 1768 1899 1827 ad
1942 1765 2193 1827 eundem
2235 1764 2460 1824 Rufum

287 1852 524 1914 referre.
595 1853 753 1933 quod
797 1856 847 1912 si
889 1861 1049 1914 recte
1091 1873 1153 1914 se
1195 1853 1389 1926 habet,
1433 1853 1499 1912 id
1540 1855 1900 1934 poematium
1944 1871 2144 1912 eorum
2187 1869 2340 1930 quae
2383 1850 2463 1909 ad

286 1937 515 1997 Rufum
565 1941 862 2016 pertinent
910 1938 1224 1999 manifesto
1276 1941 1531 2018 primum
1583 1947 1689 2011 est,
1744 1939 2211 2017 perspicitnrque
2263 1954 2339 1994 ex
2391 1955 2469 1994 eo

287 2023 460 2082 illum
518 2023 815 2083 hominem
877 2026 1133 2102 acceptis
1190 2023 1498 2084 beneficiis
1561 2022 1798 2083 Catullo
1860 2021 2201 2080 obstrictum
2260 2020 2470 2080 fuisse.

288 2114 514 2169 restant
545 2129 739 2188 pauca
773 2111 899 2169 eius
933 2108 1096 2168 modi
1130 2110 1410 2180 carmina,
1455 2127 1624 2187 quae,
1670 2109 1779 2166 etsi
1813 2126 1992 2186 quam
2025 2107 2288 2163 maxima
2328 2125 2463 2184 pro-

288 2194 399 2253 bra
443 2196 750 2253 continent
790 2212 902 2253 nec
952 2195 1139 2272 ipsius
1182 2193 1437 2252 Lesbiae
1480 2192 1677 2251 famae
1725 2191 1847 2250 ullo
1900 2189 2075 2250 modo
2129 2190 2468 2263 consulunt,

284 2286 490 2338 tamen
523 2278 779 2358 quadam
815 2297 1048 2357 quoque
1081 2276 1378 2336 hilaritate
1413 2295 1725 2356 conspersa
1749 2275 2220 2356 tranquilliorem
2251 2286 2464 2354 poetae

291 2366 555 2423 animum
589 2362 862 2442 produnt.
918 2362 1029 2422 sed
1062 2369 1152 2421 est
1175 2382 1246 2423 ea
1278 2362 1677 2442 tranquillitas
1702 2381 1856 2442 quae
1879 2364 2040 2422 vitae
2065 2363 2235 2441 quasi
2268 2361 2470 2422 undas

292 2456 352 2508 et
384 2454 761 2526 tempestates
797 2449 964 2526 sequi
999 2446 1199 2506 soleat.
1260 2449 1462 2526 itaque
1493 2448 1609 2507 ista
1652 2449 1916 2507 carmina
1959 2448 2222 2506 omnium
2257 2455 2466 2507 contra

289 2532 509 2610 rivales
551 2534 862 2593 missorum
904 2539 1167 2594 extrema
1207 2551 1336 2594 esse
1376 2531 1705 2593 iudicamus
1756 2532 1962 2612 illique
2006 2533 2257 2611 tempori
2298 2535 2466 2593 attri-

288 2618 527 2678 buimus
563 2638 678 2697 quo
717 2617 986 2677 Catullus
1028 2618 1288 2698 puellam
1331 2619 1472 2678 olim
1506 2640 1544 2678 a
1576 2638 1641 2679 se
1684 2626 1940 2678 amatam
1988 2619 2241 2677 ‘tantum
2277 2639 2460 2698 quan·

290 2712 419 2762 tum
455 2704 747 2763 amabitur
781 2703 971 2762 nulla’
1017 2712 1256 2783 propter
1296 2703 1690 2765 insanabilem
1733 2706 1859 2763 eius
1893 2703 2306 2783 inpudicitiam
2340 2706 2464 2763 iam

292 2808 413 2847 non
449 2796 678 2866 poterat
719 2809 840 2847 non
884 2797 1270 2850 contemnere.
1334 2797 1470 2848 sunt
1512 2797 1709 2849 autem
1753 2791 2017 2848 carmina
2049 2787 2367 2847 XXXVII
2404 2797 2466 2847 et

293 2873 590 2946 LXXIX,
636 2876 700 2933 in
742 2893 993 2953 quorum
1035 2873 1219 2934 altero
1260 2882 1436 2953 poeta
1481 2874 1815 2933 ‘Lesbium’
1857 2881 2096 2952 propter
2137 2871 2287 2930 illud
2329 2872 2463 2932 libi·

296 2958 451 3017 dinis
486 2977 675 3035 genus
709 2958 868 3038 quod
902 2959 1090 3018 Attici
1125 2958 1526 3036 γλωττοποιεῖν
1552 2957 1850 3017 vocabant
1884 2978 2019 3016 cum
2043 2957 2266 3016 Lesbia
2299 2977 2464 3018 exer-

296 3046 478 3103 citum
510 3042 743 3116 inridet,
781 3063 915 3102 cum
948 3046 1013 3103 in
1047 3046 1242 3123 priore
1277 3062 1479 3103 omnes
1513 3044 1754 3102 omnino
1786 3042 2023 3122 puellae
2057 3042 2170 3102 sibi
2202 3043 2467 3102 infidelis

295 3134 584 3187 amatores
617 3129 880 3203 castiget.
934 3148 1178 3209 quorum
1207 3147 1282 3189 ex
1314 3129 1546 3205 ingenti
1577 3146 1821 3187 numero
1849 3146 2023 3208 quem
2056 3147 2243 3186 unum
2277 3132 2462 3189 nomi-

294 3213 484 3273 natim
525 3210 718 3272 adfert
758 3213 1083 3289 Egnatium
1128 3212 1486 3273 Celtiberum
1499 3258 1514 3285 ,
1558 3212 1812 3273 eundem
1857 3213 2186 3287 cavillatur,
2233 3221 2293 3273 et
2334 3218 2461 3294 qui-

296 3297 432 3357 dem
476 3296 880 3370 consimiliter,
929 3300 1105 3358 etiam
1147 3300 1212 3356 in
1255 3319 1302 3358 c.
1347 3298 1662 3372 XXXIX,
1707 3298 1867 3358 unde
1909 3299 2019 3358 hoc
2063 3318 2299 3378 quoque
2339 3303 2462 3380 epi·

298 3384 639 3460 grammatis
692 3389 896 3441 contra
944 3382 1160 3443 rivales
1221 3386 1450 3463 scriptis
1502 3383 2013 3444 adnumerandum
2064 3403 2175 3444 nec
2228 3384 2467 3445 diverso

297 3475 559 3546 tempore
601 3466 826 3526 factum
869 3485 995 3527 esse
1036 3475 1214 3547 patet.
1286 3477 1543 3529 ceterum
1586 3470 1915 3530 cavendum
1959 3476 2048 3529 est
2087 3487 2166 3528 ne
2208 3470 2462 3530 salacem

297 3554 472 3611 istam
513 3551 823 3612 tabernam
865 3554 931 3611 in
973 3573 1021 3611 c.
1066 3553 1380 3614 XXXVII
1422 3562 1932 3615 commemoratam
1979 3574 2114 3613 cum
2164 3554 2469 3633 plerisque

300 3635 375 3697 de
405 3636 680 3716 lupanari
714 3645 819 3696 aut
852 3656 1045 3713 ganea
1077 3638 1504 3716 intellegamus.
1558 3642 1776 3700 etenim
1809 3638 1918 3698 tali
1949 3639 2077 3698 loco
2114 3640 2166 3697 si
2192 3638 2468 3699 Catullus

301 3722 496 3781 dicere
528 3722 809 3782 voluisset
841 3722 1121 3783 Lesbiam
1157 3744 1289 3783 cum
1325 3725 1684 3784 amatoribus
1722 3727 1841 3784 suis
1876 3725 2210 3797 convenire,
2254 3744 2464 3803 parum

301 3814 437 3885 apte
470 3807 731 3885 profecto
775 3806 1100 3868 addidisset
1132 3808 1447 3886 indignum
1489 3828 1618 3870 esse
1659 3809 1819 3888 quod
1860 3809 1952 3868 illi
1993 3826 2194 3868 omnes
2238 3808 2469 3888 ‘pusilli-

302 3898 361 3951 et
395 3894 677 3952 semitarii
718 3892 974 3967 moechi’
1019 3901 1230 3969 essent,
1277 3894 1490 3974 quibus
1532 3894 1730 3955 verbis
1771 3894 2038 3955 homines
2082 3892 2476 3972 designantur

302 3976 406 4053 qui
440 3996 574 4035 cum
598 3963 946 4054 vulgaribus
978 3979 1340 4041 mulierculis
1373 3999 1494 4039 rem
1522 3979 1740 4039 habere
1767 3988 2212 4040 consueverunt.
2264 3982 2471 4061 itaque

302 4058 449 4119 haec
498 4062 703 4136 verba,
758 4064 1251 4143 quemadmodum
1294 4063 1488 4125 denuo
1541 4064 1893 4124 confirmant
1934 4063 2094 4146 quod
2145 4085 2324 4144 supra
2366 4065 2465 4126 de·

301 4149 769 4221 monstravimus,
813 4149 1093 4209 Lesbiam
1138 4169 1214 4210 ex
1248 4168 1318 4210 eo
1362 4169 1605 4210 numero
1649 4171 1769 4210 non
1810 4149 2009 4224 fuisse,
2055 4152 2140 4209 sic
2182 4150 2470 4212 tabernae

300 4249 518 4291 nomen
551 4235 785 4313 proprie
819 4233 1041 4294 dictum
1083 4243 1293 4314 putare
1326 4256 1434 4296 nos
1466 4243 1688 4295 vetant.
1756 4234 1992 4297 videtur
2031 4236 2213 4314 igitur
2256 4235 2469 4296 domus
