3225 5171
1181 434 1634 478 PROLEGOMERA
2302 433 2501 474 Lxxnr

312 573 429 615 nec
472 555 602 633 pari
647 559 784 613 sunt
825 552 1200 630 longitudine
1243 563 1302 614 et
1346 561 1505 613 certa
1546 555 1925 632 responsione
1960 559 2175 613 carent.
2253 554 2396 612 item
2431 553 2498 610 in

318 639 550 699 duobus
584 639 930 718 hymenaeis
966 658 1168 698 versus
1213 638 1588 699 intercalares
1622 639 1819 698 locum
1852 638 2090 710 habent,
2138 637 2242 698 sed
2284 641 2348 696 in
2383 637 2500 697 hoc

239 730 249 738 '
318 724 561 805 quidem
603 743 822 801 genere
865 723 1188 802 ephymnia
1231 724 1304 783 ab
1350 726 1773 803 antiquissimis
1816 724 2175 803 temporibus
2218 723 2506 782 videntur

317 812 540 869 usitata
572 808 771 868 fuisse.
861 807 1078 868 deinde
1112 811 1177 867 in
1213 809 1406 886 elegia
1441 809 1517 868 ad
1552 808 1783 868 Allium
1816 816 1936 869 tres
1970 828 2174 869 versus
2209 810 2501 878 continui,

318 896 533 974 quibus
567 902 743 973 poeta
787 894 861 953 de
894 893 1076 954 fratre
1109 902 1296 955 morte
1329 897 1543 953 amisso
1579 896 1860 973 queritur,
1907 892 1986 952 ad
2021 893 2266 953 verbum
2299 895 2502 953 iterati

317 981 600 1057 leguntur
642 978 920 1054 (22-24
967 987 1025 1038 et
1071 976 1366 1054 94—96).
1445 978 1605 1059 quod
1641 997 1878 1038 carmen
1914 998 2048 1038 cum
2084 977 2161 1036 ad
2196 977 2508 1056 exemplar

320 1064 646 1143 elegiarum
696 1063 1243 1124 Alexandrinarum
1296 1066 1665 1141 conpositum
1718 1066 1819 1138 sit,
1879 1065 1986 1122 vix
2042 1063 2390 1135 errabimus,
2445 1063 2502 1121 si

318 1153 495 1210 istam
538 1168 776 1228 quoque
817 1149 1072 1226 figuram
1116 1148 1257 1208 inde
1300 1151 1544 1227 petitam
1590 1167 1718 1208 esse
1761 1151 2141 1227 suspicamur.
2240 1147 2506 1227 denique.

319 1236 389 1294 in
423 1234 634 1294 iambis
663 1241 722 1293 et
756 1233 1270 1313 hendecasyllabis
1300 1232 1568 1292 Catullus
1606 1234 1767 1292 haud
1792 1253 1926 1292 raro
1953 1233 2145 1292 simile
2180 1233 2496 1292 artificium

317 1320 433 1379 hoc
477 1319 747 1378 adhibuit
790 1327 856 1377 ut
889 1327 992 1378 aut
1039 1321 1298 1378 carmina
1345 1318 1567 1378 eisdem
1602 1319 1818 1397 quibus
1860 1318 2195 1377 incohasset
2226 1318 2506 1376 versibus

323 1404 638 1477 clauderet,
685 1404 888 1483 qualia
931 1413 1068 1463 sunt
1110 1405 1265 1464 XVI
1306 1404 1589 1463 XXXVI
1632 1404 1754 1462 LII
1796 1403 1992 1476 LVII,
2039 1411 2144 1462 aut
2184 1402 2394 1462 mediis
2429 1405 2500 1461 in

322 1489 695 1561 carminibus,
734 1489 835 1547 ubi
863 1497 1066 1567 aptum
1092 1489 1407 1562 videretur,
1447 1489 1711 1566 singulos
1745 1488 1845 1548 vel
1871 1490 2049 1548 etiam
2082 1487 2255 1547 binos
2291 1507 2506 1547 versus

318 1573 498 1633 modo
540 1576 800 1650 integros
846 1573 1020 1633 modo
1065 1574 1396 1652 paullulum
1447 1581 1701 1633 mutatos
1743 1576 1956 1632 iterum
1999 1580 2260 1652 poneret,
2313 1579 2380 1631 ut
2430 1574 2498 1632 in.

320 1659 482 1720 VIII
514 1659 740 1718 XXIX
771 1659 959 1719 XLII
987 1658 1252 1739 aliisque.
1315 1679 1521 1720 verum
1550 1659 1662 1718 hae
1688 1659 1926 1739 quidem
1952 1661 2328 1737 repetitiones
2359 1677 2505 1716 cumn

321 1745 501 1821 longe
535 1746 855 1803 maximam
889 1751 1116 1822 partem
1153 1744 1463 1822 augendae
1499 1745 1620 1803 sint
1650 1745 1923 1803 inrisioni
1958 1752 2061 1802 aut
2094 1743 2499 1821 indignationi

213 1895 220 1899 ,
323 1828 745 1908 exprimendae
786 1829 1154 1909 multumque
1196 1830 1422 1889 roboris
1466 1829 1919 1908 acerbitatisque
1963 1831 2216 1887 orationi
2250 1828 2499 1900 addant,

320 1917 515 1991 magis
567 1913 843 1974 videntur
894 1914 973 1972 ad
1037 1923 1301 1974 veterum
1351 1914 1906 1992 iambographorum
1958 1932 2136 1992 quam
2187 1921 2497 1990 poetarum

319 1998 865 2059 Alexandrinorum
907 2001 1295 2058 imitationem
1337 1998 1708 2058 revocandae
1743 2016 1885 2057 esse.
1956 1996 2107 2055 conf.
2145 1996 2501 2056 Semonides

320 2104 378 2143 v.
427 2085 504 2142 96
552 2092 612 2143 et
656 2085 775 2142 115
820 2083 1039 2160 Bergk.
1118 2087 1224 2142 vix
1277 2086 1434 2142 enim
1487 2082 1796 2161 probabile
1852 2089 1941 2140 est
1990 2081 2135 2140 talia
2186 2081 2496 2140 adamasse

324 2167 773 2241 Callimachum,
818 2170 922 2247 qui
965 2167 1228 2226 iambum
1262 2168 1483 2227 faceret
1529 2161 1627 2225 ὀὐ
1671 2161 1857 2242 μάχην
1894 2160 2168 2225 ἄείδοντα
2202 2159 2303 2243 τὴν
2339 2167 2497 2224 Bov-

320 2247 597 2312 πάλειονῖ
657 2260 861 2312 contra
886 2254 1014 2311 eius
1049 2272 1220 2310 usum
1255 2252 1481 2328 figurae
1505 2271 1659 2331 quae
1693 2255 1757 2311 in
1781 2251 2095 2311 verborum
2124 2251 2502 2328 singulorum«

318 2338 822 2414 redintegratione
863 2336 1156 2395 rhetorica
1191 2340 1457 2396 consistit
1490 2356 1612 2395 non
1648 2336 1985 2396 dubitamus
2020 2337 2094 2396 ab
2131 2336 2497 2396 Alexandri-

319 2443 531 2482 norum
574 2430 880 2500 poetarum
925 2421 1320 2481 aemulatione
1362 2429 1644 2501 repetere,
1697 2425 1802 2502 qui
1842 2422 1955 2481 hoc
1999 2424 2278 2481 orationis
2321 2442 2495 2481 orna-

319 2514 586 2568 mentum
628 2509 693 2566 in
737 2506 962 2566 deliciis
1004 2506 1353 2580 habuerunt,
1398 2516 1603 2587 estque
1646 2506 1807 2585 apud
1842 2506 2141 2566 Catullum
2175 2509 2242 2566 in
2282 2509 2498 2585 primis

318 2593 598 2673 frequens
644 2595 710 2653 in
745 2594 830 2652 eis
864 2595 1148 2671 poematis
1185 2612 1340 2673 quae
1373 2589 1612 2653 omnino
1650 2613 1725 2653 ex
1760 2600 1885 2652 arte
1919 2594 2154 2652 illorum
2189 2601 2328 2671 apta
2362 2611 2496 2653 esse

319 2678 594 2738 vidimus.
664 2686 734 2737 ut
792 2688 990 2737 autem
1051 2679 1237 2737 varia‘
1277 2678 1451 2738 huius
1511 2678 1741 2754 figurae
1793 2697 2013 2754 genera
2064 2678 2491 2751 discernamus,

319 2767 578 2823 maxime
605 2770 764 2822 amat
789 2771 966 2842 poeta
982 2765 1342 2823 Veronensis
1370 2763 1644 2821 ultimum
1670 2770 1774 2822 aut
1798 2782 1988 2841 paene
2014 2762 2298 2828 ultimum,
2314 2783 2489 2822 voca-

317 2847 524 2907 bulum
559 2851 734 2906 unius
768 2867 972 2908 versus
1008 2850 1180 2908 initio
1206 2850 1463 2927 proximi
1499 2868 1634 2906 cum
1666 2847 1927 2926 pondere
1959 2855 2239 2925 repetere,
2286 2849 2497 2926 qualia

319 2941 458 2992 sunt
491 2953 540 2991 c.
564 2933 783 2992 LXIII
813 2935 849 2990 9
887 2937 1004 2991 leve
1036 2944 1321 3009 typmzum,
1371 2935 1660 3008 Typanum
1695 2942 1865 3002 tuum,
1902 2931 2128 3007 Cybebe,
2162 2931 2376 2993 LXIV
2403 2934 2486 2991 62

308 3020 594 3095 prospicit
628 3019 810 3088 euhoe,
844 3020 1150 3093 Pro-spicit,
1188 3019 1310 3076 286
1348 3019 1653 3074 viridantia
1698 3019 1911 3092 Tempe,
1959 3018 2176 3092 Tempe,
2214 3037 2357 3091 quae
2391 3021 2493 3075 sil·

316 3123 422 3161 vae
458 3104 698 3174 cinqunt.
769 3101 920 3170 conf.
957 3110 1259 3181 praeterea
1291 3102 1504 3162 LVIII
1541 3104 1594 3158 2.
1632 3102 1784 3160 LXI
1820 3103 1875 3159 9.
1909 3100 2097 3160 LXII
2134 3102 2229 3159 62.
2264 3102 2492 3163 LXIII

320 3188 418 3246 60.
456 3186 665 3244 LXIV
702 3185 799 3243 27.
841 3188 977 3244 133.
1018 3189 1155 3245 260.
1195 3188 1336 3245 322.
1374 3188 1514 3247 404.
1552 3188 1761 3246 LXVI
1799 3188 1894 3245 76.
1930 3187 2142 3265 quibus
2178 3186 2253 3245 ab
2289 3206 2485 3247 exem-

317 3271 432 3351 plis
475 3291 596 3329 non
640 3272 726 3328 ita
767 3270 1015 3329 multum
1059 3272 1337 3344 differunt
1369 3291 1521 3352 quae
1556 3281 1694 3331 sunt
1734 3274 1799 3329 in
1833 3292 1881 3330 c.
1916 3271 2103 3330 LXII
2138 3273 2237 3345 22,
2272 3271 2492 3333 LXVI

320 3358 418 3430 83,
464 3355 774 3414 LXXVII
820 3357 856 3412 2
901 3364 960 3414 et
1003 3357 1057 3414 5.
1109 3359 1489 3436 praeiverunt
1536 3356 1650 3416 hoc
1700 3359 1765 3415 in
1816 3376 2031 3434 genere
2084 3355 2492 3417 Callimachus

316 3442 519 3521 hymn.
555 3442 590 3500 I
626 3442 722 3499 92.
758 3441 852 3501 IV
896 3441 1033 3498 119.
1074 3442 1212 3499 151.
1247 3442 1307 3500 V
1342 3444 1396 3499 2.
1433 3444 1531 3501 41.
1568 3443 1661 3501 VI
1698 3443 1795 3513 35,
1830 3442 2185 3520 Apollonius
2219 3442 2411 3502 Rhod.
2447 3443 2486 3502 I

321 3527 460 3586 957.
504 3526 606 3586 ΙΠ
643 3526 824 3585 1094.
869 3525 963 3585 IV
999 3527 1137 3584 264.
1178 3526 1317 3600 765,
1363 3527 1712 3587 Theocritus
1754 3527 1853 3585 IX
1888 3529 1945 3600 2,
1988 3528 2267 3586 Moschus
2309 3528 2344 3585 I
2382 3529 2481 3585 14.

318 3632 439 3671 non
483 3614 678 3670 minus
721 3610 1005 3690 probatur
1049 3609 1284 3670 Catullo
1329 3612 1722 3690 epanaphora,
1770 3613 1935 3670 cuius
1980 3632 2112 3671 cum
2156 3612 2301 3670 alibi
2337 3614 2488 3671 satis

319 3696 503 3755 multa
545 3696 818 3775 exempla
859 3703 1080 3769 extant,
1123 3704 1249 3755 tum
1291 3696 1546 3775 plurima
1587 3700 1793 3756 insunt
1835 3698 1900 3754 in
1933 3696 2155 3775 epyllio
2190 3695 2264 3755 de
2298 3696 2489 3756 Peleo

322 3790 381 3841 et
399 3781 666 3841 Thetide.
722 3800 875 3861 quae
902 3783 1101 3840 omnia
1136 3800 1477 3841 enumerare
1504 3800 2006 3860 supervacaneum
2035 3788 2137 3839 est.
2191 3800 2302 3840 nec
2330 3802 2487 3860 opus

320 3886 447 3927 esse
483 3866 747 3925 ducimus
781 3868 1150 3926 notissimum
1182 3866 1444 3925 eiusdem
1480 3866 1705 3943 figurae
1741 3866 1999 3925 studium
2036 3864 2386 3925 Callimachi
2421 3875 2490 3927 et·

318 3952 713 4012 bucolicorum
773 3960 1078 4030 poetarum
1139 3951 1424 4030 exemplis
1475 3951 1837 4010 confirmare.
1923 3952 2122 4030 paullo
2174 3954 2365 4011 rarius
2414 3952 2480 4012 id

319 4036 734 4116 epanalepseos
770 4055 957 4114 genus
993 4042 1082 4097 est
1112 4057 1229 4117 quo
1262 4036 1420 4096 idem
1451 4036 1808 4096 vocabulum
1840 4038 1906 4096 in
1931 4036 2135 4097 eodem
2170 4057 2343 4097 versu
2377 4046 2490 4097 aut.

317 4123 410 4181 bis
455 4121 730 4200 deinceps
774 4125 1013 4201 ponitur
1054 4130 1158 4181 aut
1199 4122 1369 4181 brevi
1410 4126 1600 4201 spatio
1647 4123 1951 4181 interiecto
1985 4124 2282 4200 repetitur,
2327 4131 2394 4182 ut
2428 4144 2479 4182 c.

313 4208 529 4268 LXIV
548 4208 629 4265 24
664 4226 763 4264 vos
791 4227 888 4282 eqo
914 4227 1083 4285 saepe
1114 4227 1230 4266 meo
1255 4227 1354 4266 vos
1390 4211 1629 4271 carmine
1666 4209 2002 4285 conpellabO,
2038 4207 2180 4268 ibid.
2218 4208 2338 4267 195
2374 4209 2519 4271 huc.
