3225 5171
1098 440 1551 484 Pnomeonnm
1972 428 1980 435 ’
2309 443 2425 497 xm

240 562 326 618 ita
358 557 611 617 multum
647 566 786 618 ante
821 578 873 616 c.
905 557 1132 617 XXIX
1177 558 1573 638 conposuerit,
1623 562 1689 619 in
1725 580 1840 639 quo
1878 561 2214 621 Mamurrae
2249 560 2424 618 luxu-

240 647 390 703 riam
417 652 476 703 et
501 644 816 704 libidinum
844 645 1358 722 intemperantiam
1386 647 1635 722 castigat
1653 641 1831 722 (conf.
1852 647 1914 703 in
1942 647 2148 723 primis
2166 667 2222 706 v.
2246 646 2281 703 6
2301 643 2421 721 ss,),

239 732 602 808 quamquam
629 728 695 787 id
724 731 918 808 ipsum
945 748 1066 787 non
1084 730 1374 802 Veronae,
1413 729 1516 789 sed
1542 732 1770 789 Romae
1795 738 2002 788 natum
2038 748 2167 791 esse
2202 738 2423 790 certum

242 821 347 873 est.
412 816 534 872 iam
579 834 712 872 cum
753 821 930 892 poeta
965 833 1012 871 c.
1049 814 1296 888 XXIX,
1342 822 1410 873 ut
1451 814 1608 873 infra
1654 814 2001 886 videbimuS,
2048 817 2210 894 prius
2247 836 2424 894 quam

242 905 523 958 autumno
571 900 716 958 anni
753 893 981 977 699l55
1021 899 1274 959 scribere
1316 920 1439 958 non
1482 903 1754 978 potuerit,
1799 900 2184 978 probabiliter
2226 907 2425 961 autem

242 983 349 1042 sub
406 983 585 1043 finem
636 983 810 1042 huius
863 985 1047 1061 ipsius
1094 986 1239 1042 anni
1283 992 1385 1042 aut
1426 987 1683 1062 proximi
1732 987 1902 1044 initio
1956 987 2268 1064 scripserit,
2324 986 2423 1044 ad-

238 1076 409 1147 paret
442 1087 594 1142 eum,
634 1088 766 1126 cum
793 1089 841 1127 c.
870 1068 1092 1127 XLIII
1125 1068 1361 1142 faceret,
1398 1070 1518 1127 iam
1553 1089 1591 1127 a
1625 1069 1845 1129 Lesbia
1879 1088 2117 1148 prorsus
2150 1089 2422 1131 aversum

240 1151 439 1217 fuisse.
511 1173 651 1212 nam
687 1174 733 1213 c.
769 1153 886 1226 XI,
936 1152 1095 1233 quod
1132 1152 1354 1213 Catulli
1398 1173 1540 1230 erga
1582 1153 1749 1212 illam
1793 1175 2054 1216 amorem
2097 1158 2422 1216 extinctum

239 1236 513 1311 ostendit,
561 1245 800 1317 propter
833 1257 925 1297 res
961 1245 1156 1315 gestas
1199 1239 1286 1298 ibi
1328 1240 1542 1317 partim
1587 1247 1942 1311 memoratas
1984 1243 2200 1318 partim
2244 1243 2424 1317 signi-

241 1322 448 1382 ficatas
486 1323 678 1382 eidem
714 1343 872 1381 anno
911 1318 1140 1400 699l55
1178 1323 1619 1383 attribuendum
1655 1332 1742 1383 est
1778 1319 1957 1397 (conf.
1986 1333 2220 1402 praeter
2244 1327 2423 1402 Iung-

238 1406 618 1467 claussenum
635 1407 675 1466 l.
696 1428 742 1467 c.
765 1407 1110 1467 Schwabius
1128 1429 1185 1487 p.
1208 1407 1374 1483 128).
1411 1411 1612 1487 itaque
1633 1429 1765 1468 cum
1787 1406 2058 1475 Catullus
2078 1431 2125 1468 c.
2143 1410 2364 1469 XLIII
2387 1413 2421 1467 7

240 1492 630 1552 mirabundus
680 1492 781 1553 vel
821 1491 1310 1569 indignabundus
1353 1492 1647 1552 exclamat
1692 1494 1913 1557 ‘tecum
1956 1493 2176 1555 Lesbia
2225 1504 2426 1554 nostra

193 1611 197 1614 >
237 1576 677 1656 conparaturP’,
733 1577 1063 1637 cavendum
1108 1585 1197 1639 est
1239 1596 1317 1637 ne
1366 1576 1506 1638 inde
1551 1597 1687 1638 eum
1734 1580 1912 1637 etiam
1956 1587 2097 1638 tunc
2141 1600 2274 1639 cum
2318 1580 2425 1638 illa

240 1665 619 1722 coniunctum
653 1661 837 1722 fuisse
886 1662 1328 1737 concludamus,
1373 1662 1477 1722 sed
1511 1661 1816 1722 simulavit
1848 1663 1959 1723 hoc
2000 1672 2191 1743 poeta,
2238 1672 2305 1724 ut
2337 1685 2424 1725 re-

237 1747 474 1827 pulsam
510 1767 688 1826 quam
725 1767 762 1805 a
794 1747 993 1827 puella
1035 1747 1388 1827 provinciali
1429 1747 1666 1831 tulisset
1709 1748 2025 1808 admodum
2069 1749 2226 1809 lente
2269 1750 2424 1811 ferre

237 1851 413 1911 posse
447 1831 772 1906 videretur,
817 1835 1097 1912 quoniam
1132 1835 1359 1893 Romae
1392 1832 1576 1891 multo
1622 1832 1976 1911 pulchrioris
2021 1833 2423 1912 elegantioris-

239 1935 360 1997 que
393 1917 655 1976 mulieris
690 1937 888 1978 amore
919 1917 1038 1977 frui
1072 1918 1185 1978 sibi
1219 1918 1438 1977 liceret.
1495 1919 1592 1977 cui
1619 1919 2091 1996 interpretationi
2119 1919 2262 1997 quid
2296 1922 2425 1979 iure

241 2005 464 2081 opponi
496 2004 680 2080 possit
713 2023 837 2061 non
872 2002 1064 2064 vide0.
1137 2002 1241 2069 sed
1263 1996 1373 2061 'fac
1408 2021 1539 2062 eam
1572 2002 1786 2061 falsam
1823 2022 1976 2062 esse:
2020 2022 2097 2061 ne
2132 2013 2258 2062 tum
2294 2007 2421 2083 qui-

240 2085 374 2147 dem
428 2089 695 2165 sequitur
744 2095 978 2165 poetam
1035 2108 1101 2148 eo
1148 2096 1411 2166 tempore
1455 2106 1570 2164 quo
1616 2107 1666 2146 c.
1701 2082 1940 2146 XLIII‘
1965 2088 2245 2146 scriberet
2288 2109 2424 2146 cum

237 2162 459 2231 Lesbia
492 2175 811 2251 quicquam
847 2164 1022 2232 etiam
1057 2174 1304 2251 rationis
1339 2170 1632 2230 habuisse.
1696 2191 1836 2230 nam
1871 2170 2239 2231 venustatem
2276 2175 2418 2244 eiuS,

240 2254 313 2314 de
346 2277 467 2335 qua
502 2257 628 2316 sola
660 2258 725 2315 in
769 2256 882 2314 hoc
916 2256 1209 2335 poematio
1255 2257 1477 2331 agitur,
1525 2254 1812 2333 dirempto
1859 2276 2093 2336 quoque
2136 2276 2270 2315 cum
2316 2258 2423 2317 illa

237 2338 477 2400 foedere
520 2340 877 2400 conlaudare
921 2336 1177 2418 poterat,
1232 2359 1425 2419 neque
1471 2340 1629 2420 quod
1675 2340 1921 2401 ‘L'esbia
1962 2362 2047 2400 no
2061 2343 2232 2400 stra’
2279 2341 2422 2402 dicit

237 2428 428 2502 magis
472 2428 692 2483 mirum
734 2432 822 2484 est
856 2444 1036 2504 quam
1077 2424 1228 2483 illud
1266 2424 1483 2487 ‘meae
1523 2424 1785 2504 puellae’
1830 2428 1896 2485 in
1941 2445 2009 2486 eo
2054 2429 2313 2487 carmine
2354 2430 2420 2488 in

238 2530 355 2589 quo
391 2509 648 2569 Lesbiae
690 2528 949 2568 amorem
996 2510 1060 2568 in
1103 2518 1452 2589 perpetuum
1494 2513 1800 2570 renuntiat
1834 2511 1956 2588 (XI
1994 2510 2117 2588 15).
2170 2521 2422 2594 utroque

239 2588 396 2654 enim
431 2594 579 2667 loc0,
618 2616 753 2653 cum
787 2598 872 2654 ita
908 2594 1066 2668 dicit,
1105 2595 1282 2654 simul
1319 2599 1583 2655 carmina
1619 2595 1726 2656 Sua
1758 2600 1878 2656 iam
1913 2601 1977 2657 in
2005 2599 2224 2676 vulgus
2256 2609 2418 2671 nota,

239 2680 456 2760 quibus
503 2680 644 2739 olim
687 2675 844 2738 hanc
887 2680 1195 2740 mulierem
1239 2688 1605 2755 cantaverat,
1650 2684 1906 2760 respicit.
1979 2691 2237 2743 ceterum
2289 2684 2420 2743 fieri

235 2771 429 2844 potest
463 2772 530 2823 ut
563 2766 679 2823 ista
713 2764 913 2843 puella
940 2766 1300 2826 Veronensis
1337 2786 1472 2825 cum
1505 2766 1726 2826 Lesbia
1762 2776 2082 2846 conparata
2116 2770 2192 2827 sit
2225 2788 2262 2827 a
2297 2789 2418 2827 non

238 2849 418 2908 nullis
476 2849 792 2909 iuvenibus
847 2850 1296 2929 Transpadanis
1359 2853 1463 2930 qui
1522 2870 1646 2909 una
1708 2872 1841 2910 cum
1904 2850 2137 2911 Catullo
2191 2853 2417 2912 Romae

237 2929 512 2993 vixerant
544 2933 827 3013 illamque
862 2944 1170 2995 noverant.
1224 2935 1434 2995 similis
1464 2935 1783 3013 explicatio
1814 2938 2059 2995 carmini
2082 2936 2421 2996 LXXXVI

238 3038 472 3100 quoque
517 3018 788 3079 adhiberi
829 3023 1038 3098 possit,
1085 3022 1150 3078 in
1194 3040 1311 3099 quo
1355 3020 1516 3079 facta
1561 3022 1716 3080 inter
1762 3018 2068 3093 Quintiam
2116 3021 2416 3100 quandam

238 3111 295 3162 et
336 3099 620 3162 Lesbiam
673 3107 1047 3164 contentione
1096 3105 1353 3164 Lesbiae
1403 3103 1603 3183 palma
1658 3104 1845 3164 datur.
1916 3124 2124 3165 verum
2177 3125 2253 3166 ex
2306 3106 2418 3165 hoc

235 3183 529 3270 poematio
577 3190 815 3247 omnino
859 3209 977 3248 non
1025 3188 1280 3248 efficitur
1320 3197 1388 3248 ut
1424 3188 1696 3249 Catullus
1746 3188 2051 3263 Quintiam
2095 3192 2271 3250 istam
2312 3192 2417 3250 ali-

237 3270 475 3351 quando
511 3275 800 3331 amaverit
834 3281 937 3331 aut
970 3277 1220 3351 gratiam
1258 3276 1383 3334 eius
1428 3275 1543 3334 sibi
1580 3276 1897 3335 conciliare
1933 3276 2242 3349 studuerit,
2284 3297 2418 3355 pro-

234 3356 610 3436 babiliusque
653 3356 803 3414 mihi
846 3357 1081 3417 videtur
1121 3358 1294 3418 illum
1340 3378 1417 3419 ex
1462 3359 1827 3420 dissensione
1872 3364 2027 3421 inter
2069 3360 2299 3421 sodales
2343 3361 2418 3422 de

235 3439 428 3501 forma
478 3442 786 3520 utriusque
838 3442 1100 3502 mulieris
1154 3454 1360 3504 exorta
1410 3465 1651 3504 causam
1700 3447 1978 3524 petivisse
2021 3455 2088 3504 ut
2132 3466 2298 3505 suam
2343 3446 2419 3507 de

234 3544 307 3584 ea
358 3545 422 3585 re
477 3528 831 3585 sententiam
883 3529 1111 3604 poetice
1163 3537 1493 3589 exornaret.
1575 3529 1735 3609 quod
1788 3533 1839 3589 si
1888 3540 2048 3591 recte
2098 3550 2161 3591 se
2220 3531 2414 3604 habet,

236 3631 287 3669 c.
319 3609 658 3672 LXXXVI
692 3613 994 3691 aptissime
1030 3615 1086 3671 ei
1129 3617 1379 3692 tempori
1414 3613 1862 3689 adsignabimus
1907 3635 2021 3695 quo
2066 3624 2242 3693 poeta
2274 3616 2417 3675 Les-

233 3694 394 3754 biam
432 3695 739 3774 deperibat
781 3716 891 3756 nec
934 3699 1056 3755 iam
1100 3701 1468 3758 occasionem
1511 3699 1695 3758 libere
1740 3720 1874 3758 cum
1910 3720 1980 3759 ea
2023 3700 2419 3760 conveniendi

233 3789 443 3848 nactus
479 3788 619 3840 erat.

359 3865 591 3926 Eadem
634 3873 983 3945 tempestate
1027 3886 1146 3947 qua
1181 3866 1453 3927 Catullus
1488 3868 1741 3927 Lesbiae
1783 3871 1849 3927 in
1891 3888 1955 3928 se
1995 3868 2308 3947 perfidiam
2350 3872 2417 3931 in

232 3948 359 4008 dies
410 3952 821 4028 ingravescere
860 3951 1107 4011 videbat
1147 3972 1432 4029 magnum
1478 3955 1806 4013 carminum
1859 3974 2170 4014 numerum
2213 3964 2417 4015 contra

232 4034 495 4094 aemulos
530 4037 738 4110 emisit,
783 4038 939 4096 inter
981 4056 1128 4116 quos
1175 4044 1345 4097 erant
1388 4040 1493 4117 qui
1535 4058 1598 4099 se
1645 4040 1902 4097 sinceros
1943 4047 2153 4118 poetae
2196 4043 2416 4101 amicos

232 4136 359 4180 esse
404 4120 792 4181 simulassent.
866 4124 1045 4180 etiam
1089 4122 1237 4181 haec
1282 4125 1546 4182 carmina
1589 4142 1707 4203 quo
1754 4122 1960 4183 ordine
2002 4143 2065 4184 se
2116 4128 2418 4204 excipiant

231 4223 365 4271 cum
401 4223 478 4265 ex
523 4206 773 4283 singulis
809 4206 1163 4286 quibusdam
1198 4207 1504 4267 versiculis
1550 4215 1678 4267 tum
1713 4228 1791 4269 ex
1838 4217 1958 4268 toto
1996 4212 2233 4270 omnino
2270 4213 2416 4271 sono
