3225 5171
666 496 669 501 ⁴
780 494 871 538 m
1650 493 2105 537 PROLEGOMENA

782 618 992 694 potuit,
1045 632 1156 673 nec
1195 616 1488 673 immerito
1533 631 1567 674 e
1609 614 1879 674 versibus
1924 615 2089 672 6-9
2136 613 2414 691 colligere
2462 613 2635 673 nobis
2684 612 2953 675 videmur

784 701 970 760 fuisse
1011 707 1137 758 tum
1179 699 1516 758 Pollionem
1555 702 1680 757 iam
1720 702 1788 757 in
1834 706 2027 759 aetate
2070 720 2187 779 qua
2239 703 2296 759 ei
2339 702 2630 758 conviviis
2672 702 2953 760 interesse

782 785 1002 844 liceret.
1036 816 1123 825 -—
1154 787 1469 843 transimus
1496 783 1572 842 ad
1601 785 1839 857 Varum,
1878 783 1954 843 ad
1982 803 2156 864 quem
2183 783 2451 844 Catullus
2480 805 2529 844 c.
2556 784 2753 843 XXII
2777 787 2950 845 misit.

784 869 942 949 quod
977 889 1110 928 cum
1143 876 1331 929 totum
1368 869 1442 928 de
1476 868 1718 928 Suffeno
1752 869 1908 928 malo
1942 877 2118 948 poeta
2152 872 2246 942 sit,
2281 869 2423 928 hinc
2455 873 2720 946 ingenua
2760 869 2955 928 studia

784 962 960 1034 atque
1013 961 1167 1013 artes
1210 955 1371 1015 Varo
1426 973 1600 1014 curae
1651 953 1834 1013 fuisse
1883 953 2268 1031 intellegitur.
2354 953 2514 1013 idem
2567 953 2727 1012 haud.
2779 954 2955 1014 dubie

781 1039 957 1098 homo
991 1042 1057 1098 in
1102 1042 1361 1098 carmine
1394 1038 1456 1096 X
1492 1059 1615 1098 non
1658 1039 1908 1098 multum
1948 1047 2081 1118 post
2111 1038 2334 1098 Catulli
2370 1059 2446 1099 ex
2483 1039 2770 1116 Bithynia
2803 1039 2954 1098 redi-

782 1132 910 1183 tum
945 1127 1159 1202 scripto
1205 1133 1724 1196 commemoratur,
1748 1124 1854 1183 ubi
1896 1122 2041 1203 quid
2084 1127 2312 1201 negotii
2353 1127 2680 1202 procacitas
2722 1123 2954 1202 puellae

782 1211 860 1267 ab
914 1212 1100 1267 amico
1162 1216 1392 1268 amatae
1448 1211 1697 1268 iactanti
1748 1227 1876 1269 sese
1932 1216 2143 1288 poetae
2203 1209 2536 1268 exhibuerit
2592 1209 2953 1287 lepidissime

785 1293 1148 1353 describitur.
1219 1314 1335 1373 quo
1387 1296 1454 1351 in
1507 1296 1766 1352 carmine
1815 1292 1879 1353 id
1924 1292 2080 1373 quod
2130 1297 2336 1373 primis
2381 1292 2607 1353 duobus
2649 1294 2953 1353 versiculis

784 1387 1057 1438 narratur
1102 1378 1329 1438 Varum
1370 1381 1574 1457 utique
1616 1377 1814 1457 prodit
1856 1386 2049 1438 aetate
2091 1379 2327 1438 Catullo
2377 1381 2715 1458 proximum
2757 1379 2951 1438 fuisse.

783 1484 912 1523 esse
947 1472 1144 1522 autem
1171 1483 1305 1522 eum
1331 1462 1677 1542 popularem
1703 1470 1913 1542 poetae
1938 1463 2007 1521 P.
2034 1462 2323 1523 Alfenum
2347 1464 2574 1524 Varum
2602 1463 2954 1524 Cremonen-

783 1568 922 1621 sem,
959 1547 1440 1606 iurisconsultum
1476 1547 1864 1608 clarissimum
1903 1555 1961 1608 et
1994 1540 2294 1608 consulem
2328 1552 2472 1607 anni
2512 1543 2737 1626 715s39
2776 1545 2952 1624 (conf.

781 1633 1157 1691 Henzenus
1138 1653 1206 1690 m
1241 1633 1307 1692 C.
1345 1633 1393 1690 Ι.
1429 1632 1499 1690 L.
1528 1632 1579 1706 Ι,
1617 1654 1673 1712 p.
1702 1634 1846 1691 467.
1872 1633 2013 1692 Ios.
2042 1633 2319 1692 Kleinius
2354 1632 2488 1693 fast.
2528 1633 2747 1693 consul.
2782 1655 2839 1714 p.
2869 1630 2950 1710 3),

785 1728 853 1777 ut
884 1716 1116 1798 pridem
1151 1716 1458 1797 conplures
1493 1721 1863 1794 grammatici
1890 1721 2173 1797 suspicati
2208 1726 2391 1791 erant,
2429 1717 2605 1778 hodie
2630 1727 2825 1797 potest
2847 1739 2952 1798 pro

785 1803 1088 1882 explorato
1124 1801 1344 1862 haberi.
1407 1822 1547 1861 nam
1581 1810 1641 1862 et
1673 1812 1999 1882 temporum
2033 1806 2291 1862 rationes
2327 1806 2547 1882 optime
2574 1806 2951 1876 conveniunt,

783 1907 894 1946 nec
929 1887 1061 1946 leve
1097 1889 1154 1946 ei
1179 1890 1507 1947 sententiae
1533 1907 1569 1945 a
1595 1891 1823 1965 patriae
1849 1887 2317 1967 Transpadanae
2343 1891 2755 1948 communione
2788 1907 2954 1968 prae-

783 1973 1003 2032 sidium
1044 1980 1318 2052 paratum
1361 1980 1471 2044 est,
1515 1972 1866 2052 videturque
1908 1979 2108 2052 poeta,
2152 1981 2219 2031 ut
2260 1973 2336 2030 A.
2370 1973 2776 2049 Kiesslingius
2820 1973 2859 2031 l.
2906 1993 2953 2032 c.

780 2079 838 2138 p.
888 2058 1012 2117 354
1065 2061 1332 2129 coniecit,
1385 2058 1503 2116 illis
1551 2057 1769 2117 ‘Varus
1820 2077 1917 2117 me
1967 2076 2131 2117 meus
2175 2057 2251 2116 ad
2293 2076 2428 2116 suos
2474 2077 2701 2117 amores
2745 2059 2956 2118 Visum

784 2144 1035 2202 duxerat
1070 2161 1104 2201 e
1138 2142 1293 2202 foro
1331 2143 1665 2202 otiosum’
1700 2163 1823 2202 non
1859 2146 1987 2201 sine
2021 2146 2293 2201 acumine
2327 2161 2434 2200 sua
2468 2146 2591 2202 otia
2617 2163 2752 2201 cum
2778 2162 2956 2218 nego-

784 2231 884 2286 tiis
904 2229 1080 2285 amici
1097 2227 1428 2286 forensibus
1447 2246 1794 2307 conponere.
1848 2227 1965 2286 huc
1992 2227 2220 2287 accedit
2235 2226 2395 2306 quod.
2413 2226 2679 2287 Catullus
2698 2248 2746 2286 c.
2764 2227 2956 2286 XXX

784 2311 862 2370 ad
899 2310 1183 2370 Alfenum
1220 2315 1474 2370 amicum
1517 2316 1765 2393 scripsit,
1811 2332 1985 2392 quem
2030 2311 2283 2372 eundem
2315 2312 2539 2372 Varum
2581 2313 2957 2372 iurisconsul-

783 2405 911 2454 tum
947 2414 1071 2454 esse
1107 2404 1566 2455 consentaneum
1601 2404 1705 2456 est.
1776 2401 1940 2457 cuius
1978 2401 2254 2456 carminis
2289 2417 2441 2477 quae
2476 2399 2551 2457 sit
2583 2401 2735 2457 ratio
2779 2418 2957 2477 supra

786 2484 1051 2560 exposui,
1087 2499 1277 2559 nequo
1313 2485 1639 2561 quisquam,
1683 2489 1845 2561 puto,
1888 2482 2031 2542 inde
2066 2483 2223 2563 quod
2254 2489 2433 2562 poeta
2466 2481 2674 2542 ardore
2709 2483 2958 2542 Clodiae

784 2568 1046 2644 flagrans
1082 2585 1395 2646 moraeque
1422 2569 1719 2645 inpatiens
1753 2566 1845 2626 his
1872 2567 2255 2647 asclepiadeis
2290 2587 2352 2628 se
2378 2588 2415 2626 a
2441 2567 2630 2627 sodali
2656 2572 2758 2648 q‘ui
2786 2590 2959 2629 suum

783 2656 848 2710 in
869 2672 938 2711 eo
965 2670 1163 2710 amore
1182 2652 1473 2710 auxilium
1498 2655 1861 2731 promisisset
1885 2652 2184 2731 proditum
2203 2672 2329 2712 esse
2347 2657 2623 2732 queritur,
2653 2653 2959 2713 familiari-

785 2745 968 2796 tatem
1008 2740 1164 2796 inter
1206 2737 1410 2796 ambos
1451 2756 1557 2817 per
1600 2756 1774 2795 omne
1816 2740 1977 2797 vitae
2020 2741 2277 2817 spatium
2320 2739 2616 2797 turbatam
2652 2758 2777 2797 esse
2822 2759 2959 2798 con-

786 2821 997 2881 cludet.
1032 2854 1119 2862 —
1151 2821 1565 2901 progredimur
1607 2821 1684 2881 ad
1720 2821 2108 2901 Septumium,
2157 2826 2322 2882 cuius
2367 2830 2426 2881 et
2458 2823 2675 2882 Acmes
2720 2830 2957 2884 mutuus

786 2927 950 2965 amor
985 2927 1033 2966 c.
1067 2907 1246 2967 XLV
1281 2911 1627 2967 suavissime
1664 2907 2017 2987 depingitur.
2086 2908 2187 2967 hic
2222 2912 2352 2987 quis
2386 2908 2562 2967 fuerit
2595 2912 2956 2985 ignoramus,

784 2996 1140 3072 egregieque
1192 2991 1515 3052 hariolatur
1562 2993 1968 3071 Westphalius
2022 2996 2124 3071 qui
2183 3015 2240 3072 p.
2298 2993 2419 3051 157
2464 3013 2508 3052 s.
2563 2993 2637 3052 de
2696 3012 2765 3053 eo
2819 3013 2956 3053 con-

783 3081 1044 3136 iecturae
1111 3077 1439 3154 periculum
1499 3077 1654 3136 fecit.
1732 3077 1963 3136 Acmen
2023 3078 2297 3137 libertam
2364 3080 2604 3137 natione
2663 3077 2958 3138 Graecam

784 3161 967 3220 fuisse
1002 3160 1348 3220 Schwabius
1390 3183 1447 3240 p.
1487 3164 1607 3220 316
1656 3181 1730 3221 ex
1780 3165 1910 3241 ipso
1952 3166 2193 3221 nomine
2235 3162 2396 3221 haud
2436 3166 2657 3221 iniuria
2700 3163 2956 3240 collegit.

783 3244 945 3303 idem
989 3251 1048 3303 et
1090 3246 1389 3304 Brunerus
1438 3268 1496 3359 p.
1543 3246 1665 3304 647
1710 3266 1787 3305 ex
1831 3268 1885 3305 v.
1933 3248 2005 3303 21
2042 3268 2103 3320 s.,
2157 3247 2263 3306 ubi
2307 3247 2644 3326 Septumius
2695 3247 2957 3327 puellam

785 3326 953 3388 suam
986 3318 1164 3387 malle
1199 3328 1461 3389 dicitur‘
1472 3351 1651 3409 quam
1679 3331 1883 3409 Syrias
1910 3331 2408 3412 Britanniasque',
2446 3340 2604 3391 recte
2640 3333 2958 3393 effecerunt

783 3435 907 3473 non
949 3423 1087 3473 ante
1140 3414 1362 3473 aditam
1407 3437 1444 3474 a
1488 3415 1739 3475 Caesare
1781 3416 2154 3476 Britanniam
2205 3420 2595 3496 nuntiumque
2646 3417 2721 3476 de
2772 3436 2843 3476 ea
2890 3437 2962 3477 re

784 3501 1037 3559 Romam
1090 3508 1370 3559 autumno
1414 3504 1559 3559 anni
1612 3500 1839 3574 699s55
1883 3500 2177 3580 perlatum
2226 3521 2440 3581 poema
2491 3501 2601 3561 hoc
2652 3501 2961 3562 conditum

783 3604 929 3644 esse.
967 3617 1050 3626 —
1087 3585 1392 3664 Septumio
1439 3594 1573 3665 apte
1608 3586 1902 3644 Manlium
1934 3587 2303 3667 Torquatum
2346 3586 2741 3663 adiungimuS,
2791 3591 2960 3648 cuius

783 3690 918 3729 cum
962 3670 1146 3730 Vinia
1186 3669 1595 3730 Aurunculeia
1646 3674 1883 3749 nuptias
1935 3679 2110 3750 poeta
2151 3671 2453 3751 praeclaro
2500 3674 2758 3731 carmine
2803 3671 2962 3731 LXI

783 3755 1120 3815 celebravit.
1192 3775 1409 3815 nomen
1447 3759 1572 3815 eius
1607 3755 1830 3833 gentile
1864 3777 1921 3814 v.
1955 3758 2030 3813 16
2068 3765 2126 3816 et
2154 3758 2275 3813 222
2314 3756 2590 3828 adfertur,
2629 3776 2961 3833 cognomen

783 3859 818 3899 e
852 3862 909 3900 v.
950 3842 1070 3898 216
1107 3844 1476 3919 perspicitur,
1515 3845 1739 3899 avitam
1773 3840 2144 3900 nobilitatem
2178 3863 2232 3900 v.
2272 3842 2393 3898 212
2430 3849 2489 3900 et
2523 3848 2833 3921 sequentes
2867 3844 2962 3901 in-

783 3924 1000 3984 dicant.
1069 3946 1193 3984 non
1229 3933 1318 3985 est
1350 3930 1534 4003 igitur
1573 3927 1696 3985 ullo
1740 3925 1914 3984 modo
1962 3925 2206 3985 dubium
2249 3930 2397 4006 quin
2440 3929 2664 3985 amicus
2709 3926 2806 3984 hic
2844 3926 2961 3986 Ca-

780 4009 914 4069 tulli
982 4029 1015 4069 e
1076 4013 1385 4069 notissima
1445 4010 1675 4069 familia
1732 4014 1983 4089 patricia
2043 4011 2321 4071 oriundus
2385 4010 2585 4084 fuerit,
2648 4018 2962 4092 potestque

781 4095 1050 4173 nuptiale
1085 4114 1321 4155 carmen
1364 4095 1445 4154 ad
1477 4096 1546 4153 L.
1583 4096 1878 4155 Manlium
1913 4096 2303 4176 Torquatum,
2352 4095 2541 4155 filium
2586 4101 2961 4173 cognominis

780 4179 1042 4238 consulis
1078 4183 1222 4239 anni
1259 4176 1507 4258 689l65,
1543 4188 1874 4260 praetorem
1908 4185 2055 4239 anni
2095 4177 2338 4259 705s49,
2374 4185 2682 4260 pertinere.
2755 4183 2962 4261 quam-

781 4286 965 4345 quam
1005 4284 1156 4345 quae
1192 4264 1539 4324 Schwabius
1573 4286 1630 4344 p.
1670 4267 1793 4323 340
1822 4286 1895 4324 sa
1937 4273 2172 4345 praeter
2212 4275 2539 4346 temporum
2578 4270 2837 4327 rationes
2883 4266 2966 4326 ad
