3225 5171
1212 529 1665 572 PROLEGOMENA
2384 526 2531 572 1011

697 647 793 705 Ad
816 650 1068 723 patriam
1101 651 1255 706 venio
1290 651 1471 722 lonqis
1507 669 1545 705 a
1573 650 1778 719 finibus
1813 651 1959 708 exul.

702 734 896 790 Causa
927 736 1034 790 mei
1065 735 1276 790 reditus
1312 736 1681 809 compatriota
1712 736 1840 807 fuit,

701 816 927 875 Scilicet
958 838 997 876 a
1034 821 1282 890 calamiS,
1317 820 1510 876 tribuit
1544 821 1635 876 cui
1665 820 1918 876 Francia
1951 839 2162 892 nomen,

698 901 916 977 Quique
948 914 1105 961 notat
1141 905 1335 961 turbae
1360 906 1773 979 praetereuntis
1808 907 1930 961 iter.

700 986 820 1054 Quo
855 991 983 1046 licet
1014 991 1226 1062 inqem‘o
1261 998 1503 1046 vestrum
1539 990 1804 1046 celebrate
1838 988 2139 1062 Catullum,

283 1139 290 1147 .
701 1073 874 1130 Cuius
909 1074 1008 1129 sub
1043 1075 1219 1131 modio
1258 1076 1452 1131 clausa
1478 1093 1742 1150 papyrus
1778 1083 1917 1130 erat.

358 1156 816 1216 Benevenutum
862 1156 1317 1237 Campesanium
1359 1159 1717 1230 Vicetinum,
1768 1166 2003 1235 poetam
2054 1158 2210 1236 apud
2256 1157 2530 1238 aequales

361 1240 602 1314 clarum,
657 1245 867 1321 primis
912 1242 1214 1302 decenniis
1258 1244 1477 1302 saeculi
1521 1246 1718 1322 quarti
1774 1242 1985 1301 decimi
2026 1246 2248 1303 vixisse
2291 1253 2351 1302 et
2394 1253 2531 1302 ante

358 1347 584 1385 annum
625 1329 789 1385 1330
824 1336 1117 1387 mortuum
1152 1347 1277 1387 esse
1312 1331 1546 1387 scimus
1599 1327 1720 1386 vid.
1749 1327 2047 1406 Hauptius
2084 1348 2278 1406 opusc.
2306 1329 2357 1401 I,
2385 1349 2441 1407 p.
2470 1330 2527 1386 3.

362 1410 708 1471 Schwabius
753 1416 819 1471 in
855 1416 1003 1472 actis
1049 1422 1372 1472 conventus
1407 1412 1693 1492 philolog.
1727 1414 2070 1471 Misniensis
2103 1433 2160 1491 p.
2201 1415 2338 1473 113.
2412 1415 2531 1492 epi-

361 1517 629 1574 gramma
661 1505 857 1556 autem
895 1501 1019 1557 eius
1056 1498 1128 1558 de
1161 1500 1422 1558 inventis
1460 1498 1682 1557 Catulli
1715 1498 2074 1557 carminibus
2111 1519 2242 1557 cum
2277 1501 2355 1556 sit
2388 1516 2532 1557 sane

362 1582 665 1641 obscurius
693 1590 752 1641 et
787 1585 1138 1659 aenigmatis
1175 1583 1384 1656 simile,
1421 1603 1542 1642 non
1571 1582 1906 1641 mirandum
1934 1592 2023 1642 est
2052 1583 2210 1662 quod
2246 1582 2319 1642 de
2355 1585 2531 1642 inter-

359 1667 646 1746 pretando
693 1687 761 1726 eo
806 1671 1008 1728 variae
1043 1677 1179 1727 sunt
1214 1668 1731 1747 discrepantesque
1767 1671 2108 1727 sententiae.
2190 1677 2248 1727 et
2283 1667 2532 1727 alterum

360 1751 598 1832 quidem
636 1751 944 1825 distichon,
982 1774 1097 1833 quo
1125 1773 1339 1814 nomen
1369 1762 1428 1813 et
1460 1752 1725 1812 officium
1750 1755 2074 1811 inventoris
2102 1752 2528 1829 significantur,

358 1856 569 1897 vereor
604 1856 679 1897 ne
714 1858 1036 1916 numquam
1070 1840 1244 1918 plene
1274 1838 1544 1916 expediri
1571 1841 1774 1918 possit.
1844 1837 1949 1897 sed
1983 1837 2049 1895 id
2081 1856 2158 1896 ne
2192 1838 2370 1896 refert
2403 1841 2530 1917 qui·

363 1921 497 1981 dem
547 1926 777 1998 magni:
832 1922 1051 1982 sufficit
1103 1927 1263 1982 enim
1316 1943 1392 1984 ex
1434 1944 1489 1981 v.
1529 1925 1567 1981 2
1615 1941 1966 1999 cognoscere
2017 1922 2189 1980 illum
2233 1922 2530 1982 hominem

264 2002 269 2005 ’
360 2007 763 2067 Veronensem
792 2007 991 2067 fuisse.
1065 2007 1223 2087 quod
1250 2016 1449 2068 autem
1485 2006 1562 2066 ad
1590 2028 1645 2066 v.
1670 2011 1702 2065 1
1733 2010 1961 2079 attinet,
1998 2014 2157 2065 recte
2185 2007 2312 2065 sine
2348 2006 2528 2066 dubio

363 2093 418 2151 ei
452 2091 718 2150 iudicant
751 2096 855 2171 qui
890 2093 975 2151 ibi
1012 2091 1312 2152 Catullum
1348 2100 1589 2151 censent
1625 2092 1699 2150 ab
1743 2090 1949 2149 inferis
1983 2090 2326 2150 redeuntem
2362 2090 2527 2167 fingi.

360 2196 535 2255 quam
574 2176 651 2235 ad
687 2178 1136 2255 explicationem
1175 2175 1640 2236 confirmandam
1672 2196 1794 2235 non
1829 2175 2078 2235 multum
2105 2174 2342 2255 quidem
2378 2175 2531 2234 illud

357 2262 519 2321 valet
555 2260 712 2341 quod
746 2264 812 2320 in
846 2261 1046 2321 codice
1074 2261 1575 2337 sangermanensi
1611 2263 1975 2340 epigramma
2003 2261 2381 2337 Campesanii
2418 2261 2528 2321 ‘de

357 2348 882 2405 resurrectione
947 2344 1242 2405 Catulli’
1296 2346 1652 2420 inscribitur,
1716 2348 1855 2425 quia
1915 2345 2011 2404 hic
2072 2345 2279 2404 titulus
2329 2353 2528 2404 utrum

357 2433 475 2509 ipsi
511 2432 736 2488 auctori
772 2430 1056 2489 debeatur
1097 2450 1282 2490 necne
1325 2434 1611 2491 incertum
1657 2439 1759 2491 est.
1832 2430 1935 2491 sed
1981 2433 2085 2509 qui
2119 2430 2379 2490 codicem
2414 2430 2527 2491 Ca-

355 2516 671 2574 tullianum
705 2514 820 2574 dici
858 2518 1198 2575 existimant
1239 2516 1578 2598 longinquis
1617 2535 1649 2576 e
1681 2517 1850 2576 terris
1885 2516 2183 2581 Veronam
2218 2515 2526 2576 reductum

356 2619 504 2673 esse,
558 2610 625 2659 ut
674 2601 922 2660 Ellisius
971 2603 1191 2681 proleg.
1235 2624 1292 2682 p.
1328 2603 1451 2663 XV
1487 2602 1577 2662 ed.
1623 2601 1724 2661 alt.
1770 2610 1829 2662 et
1871 2602 2268 2661 Baehrensius
2301 2602 2525 2680 proleg.

354 2707 411 2765 p.
448 2687 590 2759 VH,
634 2707 843 2765 parum
885 2695 1307 2765 reputaverunt
1350 2708 1473 2747 non
1505 2688 1725 2746 librum
1760 2696 1986 2765 poetae,
2024 2686 2129 2745 sed
2161 2688 2356 2766 ipsum
2390 2707 2525 2765 poe-

356 2781 478 2830 tam
510 2771 847 2851 loquentem
880 2772 1101 2843 induci,
1138 2780 1207 2830 ut
1233 2781 1559 2833 extremum
1589 2772 1883 2831 distichon
1916 2774 2224 2851 perspicue
2251 2770 2522 2831 ostendit.

356 2860 579 2935 vixque
622 2857 901 2917 credibile
942 2866 1033 2916 est
1075 2858 1547 2937 Campesanium,
1593 2858 1644 2915 si
1685 2857 1860 2915 homo
1904 2855 2120 2934 aliquis
2164 2855 2525 2915 Veronensis

358 2940 617 3001 codicem
654 2940 1057 3001 Catullianum
1101 2961 1367 3021 peregrex
1389 2946 1455 3001 in
1498 2944 1750 3019 patriam
1785 2943 2136 3020 portavisset
2170 2941 2297 2999 sive
2329 2959 2526 3019 repor-

351 3028 616 3097 tavisset,
652 3029 914 3102 imagine
948 3031 1163 3106 papyri
1197 3028 1306 3087 sub
1341 3026 1536 3086 modio
1565 3025 1802 3085 clausae
1825 3045 2067 3084 usurum
2091 3024 2289 3084 fuisse.
2345 3027 2524 3086 immo

353 3109 502 3169 hacc
538 3109 874 3183 similitudo,
920 3131 1098 3190 quam
1142 3112 1245 3170 diu
1280 3111 1646 3171 intellectum
1680 3119 1768 3171 est
1810 3112 2054 3188 petitam
2092 3129 2218 3169 esse
2253 3129 2289 3167 a
2323 3109 2525 3171 Lucae

352 3194 555 3254 verbis
607 3213 697 3253 ev.
741 3197 835 3267 11,
875 3196 973 3268 33,
1036 3195 1100 3254 id
1159 3201 1356 3276 potius
1408 3195 1651 3268 indicat,
1706 3195 1965 3255 adfuisse
2016 3194 2255 3274 quidem
2306 3195 2522 3255 librum

354 3279 545 3351 illum,
575 3277 676 3338 sed
703 3278 966 3339 latitasse
1000 3282 1064 3339 in
1098 3284 1296 3341 nescio
1322 3301 1437 3361 quo
1466 3281 1687 3357 angulo
1717 3281 1960 3340 obscuro
1988 3279 2271 3339 abditum.
2324 3282 2525 3360 itaque

352 3383 462 3445 pro
517 3363 821 3443 explorato
871 3372 1064 3442 potest
1112 3366 1319 3425 haberi
1363 3367 1470 3426 sub
1517 3368 1751 3425 initium
1797 3365 2019 3425 saeculi
2071 3368 2266 3445 quarti
2311 3364 2524 3426 decimi

358 3449 620 3509 codicem
655 3448 915 3528 aliquem
951 3448 1172 3509 Catulli
1203 3451 1474 3511 Veronae
1510 3472 1546 3510 a
1581 3456 1713 3511 cive
1746 3451 2078 3511 Veronensi
2122 3470 2196 3509 ex
2232 3450 2524 3511 diuturnis

356 3535 616 3595 tenebris
667 3542 1025 3614 protractum
1069 3555 1210 3595 esse.
1280 3536 1438 3596 hunc
1483 3544 1678 3595 autem
1731 3535 1982 3596 eundem
2027 3533 2289 3594 codicem
2339 3534 2523 3596 fuisse

359 3638 533 3699 quem
586 3619 819 3679 saeculo
873 3619 1098 3679 decimo
1141 3621 1457 3681 Ratherius
1508 3621 1737 3697 legerat
1788 3641 1921 3679 cum
1963 3639 2069 3698 per
2111 3637 2174 3678 se
2217 3620 2524 3697 probabile

359 3710 462 3777 est,
482 3712 605 3764 tum
626 3706 683 3764 ei
713 3706 1083 3764 coniecturae
1109 3706 1535 3784 subscriptione
1561 3706 1701 3765 libri
1719 3705 2247 3781 Sangermanensis
2275 3703 2523 3764 multum

358 3788 502 3849 fidei
537 3789 790 3848 additur.
861 3792 913 3849 is
948 3793 1109 3849 enim
1141 3790 1293 3850 liber
1318 3812 1372 3849 a.
1403 3791 1564 3848 1375
1595 3792 1868 3850 Veronae
1896 3792 2144 3866 scriptus
2172 3796 2275 3858 est,
2306 3792 2524 3869 quique

344 3893 495 3932 -eum
523 3877 789 3933 exaravit
815 3875 1116 3954 exemplar
1142 3895 1311 3936 suum
1337 3878 1954 3954 corruptissimum
1990 3882 2048 3933 et
2084 3871 2524 3935 salebrosum

362 3958 505 4018 dicit
555 3977 749 4039 neque
807 3960 995 4019 ullum
1058 3960 1221 4019 aliud
1276 3980 1351 4021 ex
1403 3980 1520 4040 quo
1578 3958 1967 4020 transcribere
2016 3965 2214 4036 posset
2263 3958 2524 4020 adfuisse

357 4051 622 4104 testatur.
676 4045 835 4105 unde
871 4045 1023 4105 duae
1055 4064 1151 4105 res
1185 4045 1345 4106 effici
1381 4049 1633 4125 cogique
1665 4052 1927 4125 possunt,
1961 4046 2233 4122 primum,
2270 4044 2523 4121 Sanger-

340 4147 702 4189 ‘manensem
746 4149 821 4189 ex
863 4134 993 4209 ipso
1040 4130 1240 4190 codice
1282 4131 1612 4193 Veronensi
1648 4127 1756 4205 (V)
1789 4160 1873 4170 —
1909 4130 1993 4187 ita
2035 4130 2193 4188 enim
2236 4129 2523 4208 adpellari

359 4213 745 4293 denotarique
782 4215 928 4275 solet
968 4248 1046 4257 —
1081 4216 1435 4295 descriptum
1473 4235 1615 4288 esse,
1655 4214 1887 4285 deinde,
1924 4213 2084 4272 hunc
2116 4217 2428 4294 antiquum
2463 4224 2523 4273 et

357 4303 503 4359 satis
558 4299 861 4359 difficilem
911 4301 1070 4361 lectu
1121 4301 1317 4362 fuisse.
1399 4321 1645 4382 quarum
1690 4299 2128 4360 conclusionum
2179 4303 2341 4377 prior
2382 4319 2526 4360 sane

2106 4392 2183 4437 GU·
