3225 5171
863 434 949 500 72
1717 443 2057 506 CATULLI

1759 604 2008 705 (ΜΠ.
2143 729 2148 730 ἢ
2209 729 2212 732 .
2369 720 2374 725 .
2417 724 2421 728 ,
2532 727 2540 733 ¹
2595 721 2600 726 h

951 756 1048 835 Si,
1088 756 1359 834 Comini,
1394 757 1615 843 populi
1651 756 1910 821 arbitrio
1946 768 2056 823 tua
2092 780 2252 823 cana
2283 751 2578 824 senectus

1035 862 1331 938 spurcata
1362 850 1604 936 inpuris
1640 851 1922 916 moribus
1957 850 2222 918 intereat

948 968 1075 1011 non
1111 945 1403 1028 equidem
1440 945 1661 1009 dubito
1697 945 1850 1029 quin
1887 900 2455 1103 p1·imum.ica
2487 945 2804 1009 bonorum

1032 1040 1252 1124 lingua
1287 1048 1507 1103 execta
1541 1038 1730 1102 avido
1766 1038 1848 1101 sit
1882 1039 2031 1102 data
2065 1039 2174 1103 vul
2343 1087 2361 1115 ,

793 1153 832 1207 5
949 1133 1213 1199 effossos
1249 1131 1465 1197 oculos
1500 1144 1681 1197 voret
1717 1143 1853 1196 atro
1883 1142 2145 1217 gutture
2181 1154 2429 1210 corvus,

1032 1225 1330 1291 intestina
1364 1248 1573 1303 canes,
1611 1235 1823 1290 cetera
1858 1226 2145 1293 membra
2178 1226 2332 1313 lupi.

2541 1256 2546 1262 ’
2598 1317 2886 1448 ⁴⁸-

1710 1484 2047 1496 ———

1112 1695 1440 1814 ἦ
1709 1749 1727 1757 -
1787 1692 1976 1759 CIX·
2002 1747 2046 1759 ..

945 1812 1327 1889 Iucundum,
1362 1834 1508 1877 mea
1542 1811 1692 1889 vita,
1731 1812 1886 1877 mihi
1920 1809 2219 1898 proponis
2256 1835 2535 1878 amorem

1032 1908 1203 1971 hunc
1237 1915 1522 1970 nostrum
1555 1906 1721 1971 inter
1754 1929 1869 1971 nos
1902 1918 2408 1992 perpetuumque
2443 1908 2604 1972 fore.

947 2002 1014 2067 di
1049 1999 1287 2085 magni,
1323 2000 1512 2065 facite
1546 2010 1622 2064 ut
1655 2007 1812 2082 vere'
1838 2001 2202 2086 promittere
2235 2000 2436 2086 possit

1034 2109 1224 2177 atque
1257 2092 1326 2156 id
1360 2092 1603 2158 sincere
1641 2094 1810 2158 dicat
1844 2104 1906 2159 et
1943 2116 2021 2159 ex
2058 2094 2287 2171 anim0,

790 2207 830 2261 5
946 2200 1020 2253 ut
1052 2189 1240 2253 liceat
1271 2186 1627 2251 nobis·tota
1665 2187 2014 2272 producere
2050 2187 2180 2253 vita

1032 2291 1359 2346 aeternum
1392 2278 1514 2345 hoc
1549 2292 1805 2345 sanctae
1839 2280 2065 2346 foedus
2099 2279 2434 2346 amicitiae.

944 2876 1268 2950 Aufilena,
1302 2875 1510 2940 bonae
1546 2898 1795 2960 semper
1828 2870 2168 2940 laudantur
2203 2871 2474 2940 amicast
2633 2880 2690 2917 ’θ’

1033 2969 1352 3055 accipiunt
1385 2969 1681 3055 pretium,
1718 2991 1883 3053 quae
1917 2970 2126 3034 facere
2160 2968 2516 3033 instituunt.

946 3075 1039 3141 tu,
1074 3063 1417 3151 promisisti
1452 3062 1607 3127 mihi
1645 3058 1816 3147 quod
1852 3057 2135 3140 mentita,
2170 3062 2508 3138 inimica’s;

1032 3158 1204 3242 quod
1235 3179 1354 3222 nec
1389 3156 1502 3221 das
1537 3167 1599 3220 et
1635 3156 1763 3221 fers
1800 3179 2009 3242 saepe,
2047 3156 2204 3221 facis
2239 3157 2508 3221 facinus.

787 3271 827 3326 5
943 3262 1056 3317 aut
1088 3251 1298 3316 facere
1331 3249 1650 3334 ingenuae
1685 3262 1805 3327 est,
1836 3262 1949 3329 aut
1982 3272 2108 3314 non
2143 3251 2451 3335 promisse
2484 3246 2781 3335 pudicae,

1030 3344 1349 3421 Aufilena‚
1384 3344 1534 3409 fuitx
1575 3344 1691 3408 sed
1726 3344 1875 3408 data
1910 3345 2221 3431 corripere

942 3437 1302 3505 fraudando
1340 3485 1356 3501 .
1420 3483 1438 3501 .
1502 3485 1518 3501 .
1583 3484 1599 3501 .
1637 3480 1673 3501 ·.
1718 3438 1861 3522 plus
1897 3459 2090 3521 quam
2125 3434 2469 3503 meretricis
2505 3448 2825 3513 avaraest‚

1028 3554 1194 3617 quae
1228 3552 1367 3597 sese
1401 3541 1535 3596 toto
1572 3552 1835 3616 corpore
1870 3532 2205 3618 prostituit.

1782 4008 1969 4075 CXI.
1999 4074 2003 4078 .

934 4129 1263 4208 Aufilena,
1301 4126 1437 4193 viro
1473 4138 1835 4193 contentam
1871 4114 2085 4194 vivere
2118 4127 2276 4205 solo,

1021 4233 1364 4310 nuptarum
1399 4221 1541 4286 laus
1577 4245 1612 4288 e
1647 4221 1942 4287 laudibus
1979 4220 2253 4286 eximiis:
