<?xml version="1.0" encoding="UTF-8"?>
<!DOCTYPE html PUBLIC "-//W3C//DTD XHTML 1.0 Transitional//EN"
    "http://www.w3.org/TR/xhtml1/DTD/xhtml1-transitional.dtd">
<html xmlns="http://www.w3.org/1999/xhtml" xml:lang="en" lang="en">
 <head>
  <title>
</title>
<meta http-equiv="Content-Type" content="text/html;charset=utf-8" />
  <meta name='ocr-system' content='tesseract 3.04.00' />
  <meta name='ocr-capabilities' content='ocr_page ocr_carea ocr_par ocr_line ocrx_word'/>
</head>
<body>
  <div class='ocr_page' id='page_1' title='image "./cvalericatulliv00schmgoog_0152.png"; bbox 0 0 3225 5171; ppageno 0'>
   <div class='ocr_carea' id='block_1_1' title="bbox 712 689 786 746">
    <p class='ocr_par' dir='ltr' id='par_1_1' title="bbox 712 689 786 746">
     <span class='ocr_line' id='line_1_1' title="bbox 712 689 786 746; baseline 0 0"><span class='ocrx_word' id='word_1_1' title='bbox 712 689 786 746; x_wconf 90' lang='grc'><strong>10</strong></span> 
     </span>
    </p>
   </div>
   <div class='ocr_carea' id='block_1_2' title="bbox 712 1158 784 1213">
    <p class='ocr_par' dir='ltr' id='par_1_2' title="bbox 712 1158 784 1213">
     <span class='ocr_line' id='line_1_2' title="bbox 712 1158 784 1213; baseline 0 0"><span class='ocrx_word' id='word_1_2' title='bbox 712 1158 784 1213; x_wconf 82' lang='grc'><strong>15</strong></span> 
     </span>
    </p>
   </div>
   <div class='ocr_carea' id='block_1_3' title="bbox 1677 457 2019 516">
    <p class='ocr_par' dir='ltr' id='par_1_3' title="bbox 1677 457 2019 516">
     <span class='ocr_line' id='line_1_3' title="bbox 1677 457 2019 516; baseline 0 -1"><span class='ocrx_word' id='word_1_3' title='bbox 1677 457 2019 516; x_wconf 86' lang='lat' dir='ltr'><strong>CATULLI</strong></span> 
     </span>
    </p>
   </div>
   <div class='ocr_carea' id='block_1_4' title="bbox 1068 580 2604 2170">
    <p class='ocr_par' dir='ltr' id='par_1_4' title="bbox 1074 580 2502 764">
     <span class='ocr_line' id='line_1_4' title="bbox 1074 580 2502 671; baseline 0.002 -24"><span class='ocrx_word' id='word_1_4' title='bbox 1074 581 1372 669; x_wconf 79' lang='lat' dir='ltr'>respondi</span> <span class='ocrx_word' id='word_1_5' title='bbox 1406 581 1474 646; x_wconf 88' lang='lat' dir='ltr'><strong>id</strong></span> <span class='ocrx_word' id='word_1_6' title='bbox 1507 581 1681 665; x_wconf 87' lang='lat' dir='ltr'><strong>quod</strong></span> <span class='ocrx_word' id='word_1_7' title='bbox 1717 593 1871 659; x_wconf 92' lang='lat' dir='ltr'><strong>erat,</strong></span> <span class='ocrx_word' id='word_1_8' title='bbox 1907 580 2067 646; x_wconf 89' lang='lat' dir='ltr'>nihil</span> <span class='ocrx_word' id='word_1_9' title='bbox 2100 602 2311 667; x_wconf 87' lang='lat' dir='ltr'><strong>neque</strong></span> <span class='ocrx_word' id='word_1_10' title='bbox 2346 583 2502 671; x_wconf 89' lang='lat' dir='ltr'><strong>ipsis</strong></span> 
     </span>
     <span class='ocr_line' id='line_1_5' title="bbox 1074 675 2260 764; baseline 0.001 -23"><span class='ocrx_word' id='word_1_11' title='bbox 1074 677 1201 743; x_wconf 88' lang='lat' dir='ltr'><strong>iam</strong></span> <span class='ocrx_word' id='word_1_12' title='bbox 1236 676 1634 764; x_wconf 87' lang='lat' dir='ltr'><strong>praetoribus</strong></span> <span class='ocrx_word' id='word_1_13' title='bbox 1670 699 1809 742; x_wconf 87' lang='lat' dir='ltr'><strong>esse</strong></span> <span class='ocrx_word' id='word_1_14' title='bbox 1843 697 1963 742; x_wconf 90' lang='lat' dir='ltr'><strong>nec</strong></span> <span class='ocrx_word' id='word_1_15' title='bbox 1999 675 2260 756; x_wconf 80' lang='lat' dir='ltr'>cohorti,</span> 
     </span>
    </p>

    <p class='ocr_par' dir='ltr' id='par_1_5' title="bbox 1071 770 2397 1046">
     <span class='ocr_line' id='line_1_6' title="bbox 1077 770 2397 857; baseline 0 -20"><span class='ocrx_word' id='word_1_16' title='bbox 1077 793 1191 837; x_wconf 94' lang='lat' dir='ltr'><strong>cur</strong></span> <span class='ocrx_word' id='word_1_17' title='bbox 1224 771 1561 857; x_wconf 91' lang='lat' dir='ltr'><strong>quisquam</strong></span> <span class='ocrx_word' id='word_1_18' title='bbox 1598 780 1794 856; x_wconf 89' lang='lat' dir='ltr'><strong>caput</strong></span> <span class='ocrx_word' id='word_1_19' title='bbox 1827 770 2077 836; x_wconf 90' lang='lat' dir='ltr'><strong>unctius</strong></span> <span class='ocrx_word' id='word_1_20' title='bbox 2113 771 2397 851; x_wconf 83' lang='lat' dir='ltr'><strong>referret,</strong></span> 
     </span>
     <span class='ocr_line' id='line_1_7' title="bbox 1071 864 2295 952; baseline 0.001 -22"><span class='ocrx_word' id='word_1_21' title='bbox 1071 865 1445 952; x_wconf 88' lang='lat' dir='ltr'><strong>praesertim</strong></span> <span class='ocrx_word' id='word_1_22' title='bbox 1478 864 1711 949; x_wconf 89' lang='lat' dir='ltr'><strong>quibus</strong></span> <span class='ocrx_word' id='word_1_23' title='bbox 1748 875 1913 932; x_wconf 88' lang='lat' dir='ltr'><strong>esset</strong></span> <span class='ocrx_word' id='word_1_24' title='bbox 1946 865 2295 931; x_wconf 88' lang='lat' dir='ltr'><strong>inrumator</strong></span> 
     </span>
     <span class='ocr_line' id='line_1_8' title="bbox 1073 954 2276 1046; baseline 0.001 -22"><span class='ocrx_word' id='word_1_25' title='bbox 1073 969 1327 1046; x_wconf 91' lang='lat' dir='ltr'><strong>praetor</strong></span> <span class='ocrx_word' id='word_1_26' title='bbox 1360 981 1478 1026; x_wconf 90' lang='lat' dir='ltr'><strong>nec</strong></span> <span class='ocrx_word' id='word_1_27' title='bbox 1512 959 1754 1025; x_wconf 90' lang='lat' dir='ltr'><strong>faceret</strong></span> <span class='ocrx_word' id='word_1_28' title='bbox 1788 954 1900 1044; x_wconf 91' lang='lat' dir='ltr'><strong>pili</strong></span> <span class='ocrx_word' id='word_1_29' title='bbox 1936 959 2276 1025; x_wconf 87' lang='lat' dir='ltr'><strong>cohortem.</strong></span> 
     </span>
    </p>

    <p class='ocr_par' dir='ltr' id='par_1_6' title="bbox 1073 1053 2405 1234">
     <span class='ocr_line' id='line_1_9' title="bbox 1074 1053 2405 1137; baseline 0.001 -19"><span class='ocrx_word' id='word_1_30' title='bbox 1074 1060 1169 1118; x_wconf 88' lang='lat' dir='ltr'><strong>‘at</strong></span> <span class='ocrx_word' id='word_1_31' title='bbox 1203 1063 1372 1120; x_wconf 89' lang='lat' dir='ltr'><strong>certe</strong></span> <span class='ocrx_word' id='word_1_32' title='bbox 1407 1053 1647 1118; x_wconf 89' lang='lat' dir='ltr'><strong>tamen&#39;</strong></span> <span class='ocrx_word' id='word_1_33' title='bbox 1685 1053 1999 1136; x_wconf 89' lang='lat' dir='ltr'><strong>inquiunt,</strong></span> <span class='ocrx_word' id='word_1_34' title='bbox 2039 1053 2243 1137; x_wconf 87' lang='lat' dir='ltr'><strong>‘quod</strong></span> <span class='ocrx_word' id='word_1_35' title='bbox 2276 1053 2405 1120; x_wconf 90' lang='lat' dir='ltr'><strong>illic</strong></span> 
     </span>
     <span class='ocr_line' id='line_1_10' title="bbox 1073 1147 2151 1234; baseline -0.002 -22"><span class='ocrx_word' id='word_1_36' title='bbox 1073 1157 1296 1212; x_wconf 89' lang='lat' dir='ltr'><strong>natum</strong></span> <span class='ocrx_word' id='word_1_37' title='bbox 1331 1147 1561 1213; x_wconf 87' lang='lat' dir='ltr'><strong>dicitur</strong></span> <span class='ocrx_word' id='word_1_38' title='bbox 1595 1154 1755 1224; x_wconf 83' lang='lat' dir='ltr'><strong>esse,</strong></span> <span class='ocrx_word' id='word_1_39' title='bbox 1793 1149 2151 1234; x_wconf 80' lang='lat' dir='ltr'>conparasti</span> 
     </span>
    </p>

    <p class='ocr_par' dir='ltr' id='par_1_7' title="bbox 1071 1240 2449 1411">
     <span class='ocr_line' id='line_1_11' title="bbox 1072 1240 2449 1327; baseline 0.001 -20"><span class='ocrx_word' id='word_1_40' title='bbox 1072 1241 1155 1307; x_wconf 86' lang='lat' dir='ltr'><strong>ad</strong></span> <span class='ocrx_word' id='word_1_41' title='bbox 1190 1241 1474 1307; x_wconf 83' lang='lat' dir='ltr'><strong>lecticam</strong></span> <span class='ocrx_word' id='word_1_42' title='bbox 1509 1240 1838 1306; x_wconf 88' lang='lat' dir='ltr'><strong>homines.’</strong></span> <span class='ocrx_word' id='word_1_43' title='bbox 1911 1263 2052 1326; x_wconf 90' lang='lat' dir='ltr'><strong>ego,</strong></span> <span class='ocrx_word' id='word_1_44' title='bbox 2088 1251 2164 1305; x_wconf 92' lang='lat' dir='ltr'><strong>ut</strong></span> <span class='ocrx_word' id='word_1_45' title='bbox 2196 1240 2449 1327; x_wconf 80' lang='lat' dir='ltr'><strong>puellae</strong></span> 
     </span>
     <span class='ocr_line' id='line_1_12' title="bbox 1071 1335 2127 1411; baseline 0 -11"><span class='ocrx_word' id='word_1_46' title='bbox 1071 1358 1274 1400; x_wconf 90' lang='lat' dir='ltr'><strong>unum</strong></span> <span class='ocrx_word' id='word_1_47' title='bbox 1308 1358 1411 1400; x_wconf 89' lang='lat' dir='ltr'><strong>me</strong></span> <span class='ocrx_word' id='word_1_48' title='bbox 1448 1335 1723 1400; x_wconf 88' lang='lat' dir='ltr'><strong>facerem</strong></span> <span class='ocrx_word' id='word_1_49' title='bbox 1762 1335 2127 1411; x_wconf 83' lang='lat' dir='ltr'><strong>beatiorem,</strong></span> 
     </span>
    </p>

    <p class='ocr_par' dir='ltr' id='par_1_8' title="bbox 1072 1428 2430 1610">
     <span class='ocr_line' id='line_1_13' title="bbox 1073 1428 2430 1515; baseline 0 -20"><span class='ocrx_word' id='word_1_50' title='bbox 1073 1429 1257 1496; x_wconf 88' lang='lat' dir='ltr'><strong>‘non&#39;</strong></span> <span class='ocrx_word' id='word_1_51' title='bbox 1293 1429 1554 1512; x_wconf 89' lang='lat' dir='ltr'><strong>inquam</strong></span> <span class='ocrx_word' id='word_1_52' title='bbox 1591 1428 1775 1503; x_wconf 80' lang='lat' dir='ltr'><strong>‘mihi</strong></span> <span class='ocrx_word' id='word_1_53' title='bbox 1812 1440 1942 1492; x_wconf 88' lang='lat' dir='ltr'><strong>tam</strong></span> <span class='ocrx_word' id='word_1_54' title='bbox 1979 1428 2100 1493; x_wconf 85' lang='lat' dir='ltr'><strong>fuit</strong></span> <span class='ocrx_word' id='word_1_55' title='bbox 2134 1429 2430 1515; x_wconf 88' lang='lat' dir='ltr'><strong>maligne,</strong></span> 
     </span>
     <span class='ocr_line' id='line_1_14' title="bbox 1072 1521 2309 1610; baseline 0.002 -23"><span class='ocrx_word' id='word_1_56' title='bbox 1072 1533 1164 1599; x_wconf 91' lang='lat' dir='ltr'><strong>ut,</strong></span> <span class='ocrx_word' id='word_1_57' title='bbox 1199 1522 1525 1610; x_wconf 89' lang='lat' dir='ltr'><strong>provincia</strong></span> <span class='ocrx_word' id='word_1_58' title='bbox 1560 1523 1732 1606; x_wconf 84' lang='lat' dir='ltr'><strong>quod</strong></span> <span class='ocrx_word' id='word_1_59' title='bbox 1767 1523 1936 1587; x_wconf 87' lang='lat' dir='ltr'><strong>mala</strong></span> <span class='ocrx_word' id='word_1_60' title='bbox 1969 1521 2309 1600; x_wconf 85' lang='lat' dir='ltr'><strong>incidisset,</strong></span> 
     </span>
    </p>

    <p class='ocr_par' dir='ltr' id='par_1_9' title="bbox 1068 1615 2527 1889">
     <span class='ocr_line' id='line_1_15' title="bbox 1069 1615 2527 1703; baseline 0 -22"><span class='ocrx_word' id='word_1_61' title='bbox 1069 1637 1200 1682; x_wconf 87' lang='lat' dir='ltr'><strong>non</strong></span> <span class='ocrx_word' id='word_1_62' title='bbox 1231 1639 1486 1702; x_wconf 90' lang='lat' dir='ltr'><strong>possem</strong></span> <span class='ocrx_word' id='word_1_63' title='bbox 1521 1627 1664 1684; x_wconf 95' lang='lat' dir='ltr'><strong>octo</strong></span> <span class='ocrx_word' id='word_1_64' title='bbox 1700 1616 1985 1703; x_wconf 90' lang='lat' dir='ltr'><strong>homines</strong></span> <span class='ocrx_word' id='word_1_65' title='bbox 2022 1640 2246 1701; x_wconf 86' lang='lat' dir='ltr'><strong>parare</strong></span> <span class='ocrx_word' id='word_1_66' title='bbox 2280 1615 2527 1682; x_wconf 88' lang='lat' dir='ltr'><strong>rectos.’</strong></span> 
     </span>
     <span class='ocr_line' id='line_1_16' title="bbox 1071 1710 2476 1794; baseline 0.001 -18"><span class='ocrx_word' id='word_1_67' title='bbox 1071 1721 1135 1776; x_wconf 88' lang='lat' dir='ltr'><strong>at</strong></span> <span class='ocrx_word' id='word_1_68' title='bbox 1168 1710 1258 1775; x_wconf 91' lang='lat' dir='ltr'><strong>mi</strong></span> <span class='ocrx_word' id='word_1_69' title='bbox 1291 1711 1503 1775; x_wconf 90' lang='lat' dir='ltr'><strong>nullus</strong></span> <span class='ocrx_word' id='word_1_70' title='bbox 1539 1719 1671 1776; x_wconf 88' lang='lat' dir='ltr'><strong>erat</strong></span> <span class='ocrx_word' id='word_1_71' title='bbox 1706 1732 1913 1793; x_wconf 89' lang='lat' dir='ltr'><strong>neque</strong></span> <span class='ocrx_word' id='word_1_72' title='bbox 1948 1710 2052 1775; x_wconf 93' lang='lat' dir='ltr'><strong>hic</strong></span> <span class='ocrx_word' id='word_1_73' title='bbox 2085 1732 2293 1794; x_wconf 90' lang='lat' dir='ltr'><strong>neque</strong></span> <span class='ocrx_word' id='word_1_74' title='bbox 2324 1710 2476 1788; x_wconf 87' lang='lat' dir='ltr'><strong>illic,</strong></span> 
     </span>
     <span class='ocr_line' id='line_1_17' title="bbox 1068 1804 2308 1889; baseline 0 -20"><span class='ocrx_word' id='word_1_75' title='bbox 1068 1804 1342 1869; x_wconf 88' lang='lat' dir='ltr'><strong>fractum</strong></span> <span class='ocrx_word' id='word_1_76' title='bbox 1379 1804 1488 1886; x_wconf 90' lang='lat' dir='ltr'><strong>qui</strong></span> <span class='ocrx_word' id='word_1_77' title='bbox 1525 1804 1756 1869; x_wconf 88' lang='lat' dir='ltr'><strong>veteris</strong></span> <span class='ocrx_word' id='word_1_78' title='bbox 1793 1804 2023 1888; x_wconf 88' lang='lat' dir='ltr'><strong>pedem</strong></span> <span class='ocrx_word' id='word_1_79' title='bbox 2058 1804 2308 1889; x_wconf 83' lang='lat' dir='ltr'><strong>grabati</strong></span> 
     </span>
    </p>

    <p class='ocr_par' dir='ltr' id='par_1_10' title="bbox 1068 1898 2169 1982">
     <span class='ocr_line' id='line_1_18' title="bbox 1068 1898 2169 1982; baseline -0.001 -18"><span class='ocrx_word' id='word_1_80' title='bbox 1068 1898 1138 1964; x_wconf 91' lang='lat' dir='ltr'><strong>in</strong></span> <span class='ocrx_word' id='word_1_81' title='bbox 1171 1898 1333 1963; x_wconf 91' lang='lat' dir='ltr'><strong>collo</strong></span> <span class='ocrx_word' id='word_1_82' title='bbox 1371 1898 1492 1963; x_wconf 92' lang='lat' dir='ltr'><strong>sibi</strong></span> <span class='ocrx_word' id='word_1_83' title='bbox 1527 1899 1835 1963; x_wconf 87' lang='lat' dir='ltr'><strong>collocare</strong></span> <span class='ocrx_word' id='word_1_84' title='bbox 1871 1909 2104 1982; x_wconf 88' lang='lat' dir='ltr'><strong>posset.</strong></span> <span class='ocrx_word' id='word_1_85' title='bbox 2164 1930 2169 1937; x_wconf 96' lang='lat'><strong>·</strong></span> 
     </span>
    </p>

    <p class='ocr_par' dir='ltr' id='par_1_11' title="bbox 1069 1991 2166 2069">
     <span class='ocr_line' id='line_1_19' title="bbox 1069 1991 2166 2069; baseline -0.003 -11"><span class='ocrx_word' id='word_1_86' title='bbox 1069 1993 1174 2058; x_wconf 89' lang='lat' dir='ltr'><strong>hic</strong></span> <span class='ocrx_word' id='word_1_87' title='bbox 1208 1994 1335 2069; x_wconf 90' lang='lat' dir='ltr'><strong>illa,</strong></span> <span class='ocrx_word' id='word_1_88' title='bbox 1371 2003 1442 2056; x_wconf 92' lang='lat' dir='ltr'><strong>ut</strong></span> <span class='ocrx_word' id='word_1_89' title='bbox 1477 1991 1689 2061; x_wconf 81' lang='lat' dir='ltr'><strong>decuit</strong></span> <span class='ocrx_word' id='word_1_90' title='bbox 1724 1992 2166 2069; x_wconf 83' lang='lat' dir='ltr'><strong>cinaediorem,</strong></span> 
     </span>
    </p>

    <p class='ocr_par' dir='ltr' id='par_1_12' title="bbox 1073 2083 2604 2170">
     <span class='ocr_line' id='line_1_20' title="bbox 1073 2083 2604 2170; baseline -0.002 -19"><span class='ocrx_word' id='word_1_91' title='bbox 1073 2087 1364 2170; x_wconf 86' lang='lat' dir='ltr'><strong>‘quaeso&#39;</strong></span> <span class='ocrx_word' id='word_1_92' title='bbox 1403 2085 1607 2170; x_wconf 91' lang='lat' dir='ltr'><strong>inquit</strong></span> <span class='ocrx_word' id='word_1_93' title='bbox 1645 2085 1848 2163; x_wconf 90' lang='lat' dir='ltr'><strong>‘mihi,</strong></span> <span class='ocrx_word' id='word_1_94' title='bbox 1885 2085 1974 2149; x_wconf 90' lang='lat' dir='ltr'><strong>mi</strong></span> <span class='ocrx_word' id='word_1_95' title='bbox 2011 2085 2286 2160; x_wconf 85' lang='lat' dir='ltr'><strong>Catulle,</strong></span> <span class='ocrx_word' id='word_1_96' title='bbox 2320 2083 2604 2169; x_wconf 87' lang='lat' dir='ltr'><strong>paullum</strong></span> 
     </span>
    </p>
   </div>
   <div class='ocr_carea' id='block_1_5' title="bbox 1036 2177 2539 2264">
    <p class='ocr_par' dir='ltr' id='par_1_13' title="bbox 1036 2177 2539 2264">
     <span class='ocr_line' id='line_1_21' title="bbox 1036 2177 2539 2264; baseline -0.002 -19"><span class='ocrx_word' id='word_1_97' title='bbox 1036 2254 1043 2259; x_wconf 17' lang='lat'>¹</span> <span class='ocrx_word' id='word_1_98' title='bbox 1072 2180 1254 2245; x_wconf 84' lang='lat' dir='ltr'><strong>istos=</strong></span> <span class='ocrx_word' id='word_1_99' title='bbox 1292 2181 1696 2245; x_wconf 89' lang='lat' dir='ltr'><strong>commodum</strong></span> <span class='ocrx_word' id='word_1_100' title='bbox 1734 2179 1903 2245; x_wconf 88' lang='lat' dir='ltr'><strong>enim</strong></span> <span class='ocrx_word' id='word_1_101' title='bbox 1938 2179 2083 2244; x_wconf 89' lang='lat' dir='ltr'><strong>volo</strong></span> <span class='ocrx_word' id='word_1_102' title='bbox 2120 2180 2203 2244; x_wconf 88' lang='lat' dir='ltr'><strong>ad</strong></span> <span class='ocrx_word' id='word_1_103' title='bbox 2238 2177 2539 2264; x_wconf 82' lang='lat' dir='ltr'><strong>Sarapim</strong></span> 
     </span>
    </p>
   </div>
   <div class='ocr_carea' id='block_1_6' title="bbox 1071 2273 2549 3019">
    <p class='ocr_par' dir='ltr' id='par_1_14' title="bbox 1071 2273 2204 2360">
     <span class='ocr_line' id='line_1_22' title="bbox 1071 2273 2204 2360; baseline 0 -22"><span class='ocrx_word' id='word_1_104' title='bbox 1071 2273 1341 2339; x_wconf 90' lang='lat' dir='ltr'><strong>deferri.’</strong></span> <span class='ocrx_word' id='word_1_105' title='bbox 1414 2274 1659 2338; x_wconf 89' lang='lat' dir='ltr'><strong>‘mane’</strong></span> <span class='ocrx_word' id='word_1_106' title='bbox 1696 2273 1897 2357; x_wconf 88' lang='lat' dir='ltr'><strong>inquii</strong></span> <span class='ocrx_word' id='word_1_107' title='bbox 1933 2275 2204 2360; x_wconf 86' lang='lat' dir='ltr'><strong>puellae,</strong></span> 
     </span>
    </p>

    <p class='ocr_par' dir='ltr' id='par_1_15' title="bbox 1071 2366 2452 2546">
     <span class='ocr_line' id='line_1_23' title="bbox 1072 2366 2452 2451; baseline 0.001 -19"><span class='ocrx_word' id='word_1_108' title='bbox 1072 2368 1271 2433; x_wconf 86' lang='lat' dir='ltr'><strong>‘istud</strong></span> <span class='ocrx_word' id='word_1_109' title='bbox 1305 2366 1478 2451; x_wconf 86' lang='lat' dir='ltr'><strong>quod</strong></span> <span class='ocrx_word' id='word_1_110' title='bbox 1512 2367 1702 2432; x_wconf 86' lang='lat' dir='ltr'><strong>modo</strong></span> <span class='ocrx_word' id='word_1_111' title='bbox 1740 2368 2024 2433; x_wconf 85' lang='lat' dir='ltr'><strong>dixeram</strong></span> <span class='ocrx_word' id='word_1_112' title='bbox 2058 2391 2162 2434; x_wconf 89' lang='lat' dir='ltr'><strong>me</strong></span> <span class='ocrx_word' id='word_1_113' title='bbox 2197 2366 2452 2446; x_wconf 84' lang='lat' dir='ltr'><strong>habere,</strong></span> 
     </span>
     <span class='ocr_line' id='line_1_24' title="bbox 1071 2460 2088 2546; baseline 0.002 -21"><span class='ocrx_word' id='word_1_114' title='bbox 1071 2460 1240 2546; x_wconf 84' lang='lat' dir='ltr'><strong>fugit</strong></span> <span class='ocrx_word' id='word_1_115' title='bbox 1274 2483 1377 2526; x_wconf 92' lang='lat' dir='ltr'><strong>me</strong></span> <span class='ocrx_word' id='word_1_116' title='bbox 1411 2461 1599 2526; x_wconf 88' lang='lat' dir='ltr'><strong>ratio:</strong></span> <span class='ocrx_word' id='word_1_117' title='bbox 1637 2483 1817 2527; x_wconf 87' lang='lat' dir='ltr'><strong>meus</strong></span> <span class='ocrx_word' id='word_1_118' title='bbox 1845 2462 2088 2527; x_wconf 82' lang='lat' dir='ltr'><strong>sodalis</strong></span> 
     </span>
    </p>

    <p class='ocr_par' dir='ltr' id='par_1_16' title="bbox 1074 2552 2238 2642">
     <span class='ocr_line' id='line_1_25' title="bbox 1074 2552 2238 2642; baseline 0 -21"><span class='ocrx_word' id='word_1_119' title='bbox 1074 2552 1286 2621; x_wconf 90' lang='lat' dir='ltr'><strong>Cinna</strong></span> <span class='ocrx_word' id='word_1_120' title='bbox 1321 2565 1415 2621; x_wconf 90' lang='lat' dir='ltr'><strong>est</strong></span> <span class='ocrx_word' id='word_1_121' title='bbox 1450 2553 1687 2633; x_wconf 81' lang='lat' dir='ltr'><strong>Gaius3</strong></span> <span class='ocrx_word' id='word_1_122' title='bbox 1724 2554 1781 2622; x_wconf 91' lang='lat' dir='ltr'><strong>is</strong></span> <span class='ocrx_word' id='word_1_123' title='bbox 1816 2555 1937 2621; x_wconf 92' lang='lat' dir='ltr'><strong>sibi</strong></span> <span class='ocrx_word' id='word_1_124' title='bbox 1971 2555 2238 2642; x_wconf 88' lang='lat' dir='ltr'><strong>paravit.</strong></span> 
     </span>
    </p>

    <p class='ocr_par' dir='ltr' id='par_1_17' title="bbox 1071 2650 2549 2829">
     <span class='ocr_line' id='line_1_26' title="bbox 1071 2650 2549 2734; baseline -0.001 -18"><span class='ocrx_word' id='word_1_125' title='bbox 1071 2672 1314 2727; x_wconf 86' lang='lat' dir='ltr'><strong>verum,</strong></span> <span class='ocrx_word' id='word_1_126' title='bbox 1352 2660 1562 2715; x_wconf 88' lang='lat' dir='ltr'><strong>utrum</strong></span> <span class='ocrx_word' id='word_1_127' title='bbox 1598 2650 1766 2714; x_wconf 89' lang='lat' dir='ltr'><strong>illius</strong></span> <span class='ocrx_word' id='word_1_128' title='bbox 1803 2674 1885 2715; x_wconf 90' lang='lat' dir='ltr'><strong>an</strong></span> <span class='ocrx_word' id='word_1_129' title='bbox 1920 2651 2064 2726; x_wconf 92' lang='lat' dir='ltr'><strong>mei,</strong></span> <span class='ocrx_word' id='word_1_130' title='bbox 2103 2650 2258 2734; x_wconf 87' lang='lat' dir='ltr'><strong>quid</strong></span> <span class='ocrx_word' id='word_1_131' title='bbox 2292 2650 2375 2716; x_wconf 86' lang='lat' dir='ltr'><strong>ad</strong></span> <span class='ocrx_word' id='word_1_132' title='bbox 2408 2651 2549 2718; x_wconf 78' lang='lat' dir='ltr'><strong>me?</strong></span> 
     </span>
     <span class='ocr_line' id='line_1_27' title="bbox 1071 2743 2324 2829; baseline 0.002 -22"><span class='ocrx_word' id='word_1_133' title='bbox 1071 2755 1215 2808; x_wconf 86' lang='lat' dir='ltr'><strong>utor</strong></span> <span class='ocrx_word' id='word_1_134' title='bbox 1249 2755 1380 2807; x_wconf 85' lang='lat' dir='ltr'><strong>tam</strong></span> <span class='ocrx_word' id='word_1_135' title='bbox 1413 2743 1578 2808; x_wconf 90' lang='lat' dir='ltr'><strong>bene</strong></span> <span class='ocrx_word' id='word_1_136' title='bbox 1614 2765 1808 2826; x_wconf 89' lang='lat' dir='ltr'><strong>quam</strong></span> <span class='ocrx_word' id='word_1_137' title='bbox 1842 2743 1996 2807; x_wconf 91' lang='lat' dir='ltr'><strong>mihi</strong></span> <span class='ocrx_word' id='word_1_138' title='bbox 2031 2744 2324 2829; x_wconf 78' lang='lat' dir='ltr'><strong>paratim.</strong></span> 
     </span>
    </p>

    <p class='ocr_par' dir='ltr' id='par_1_18' title="bbox 1073 2837 2384 2916">
     <span class='ocr_line' id='line_1_28' title="bbox 1073 2837 2384 2916; baseline 0.001 -13"><span class='ocrx_word' id='word_1_139' title='bbox 1073 2838 1188 2903; x_wconf 86' lang='lat' dir='ltr'><strong>sed</strong></span> <span class='ocrx_word' id='word_1_140' title='bbox 1223 2848 1295 2901; x_wconf 85' lang='lat' dir='ltr'><strong>tu</strong></span> <span class='ocrx_word' id='word_1_141' title='bbox 1329 2838 1569 2902; x_wconf 90' lang='lat' dir='ltr'><strong>insulsa</strong></span> <span class='ocrx_word' id='word_1_142' title='bbox 1602 2837 1768 2904; x_wconf 91' lang='lat' dir='ltr'><strong>male</strong></span> <span class='ocrx_word' id='word_1_143' title='bbox 1806 2848 1868 2903; x_wconf 89' lang='lat' dir='ltr'><strong>et</strong></span> <span class='ocrx_word' id='word_1_144' title='bbox 1903 2839 2167 2903; x_wconf 88' lang='lat' dir='ltr'><strong>molesta</strong></span> <span class='ocrx_word' id='word_1_145' title='bbox 2201 2839 2384 2916; x_wconf 87' lang='lat' dir='ltr'><strong>vivis,</strong></span> 
     </span>
    </p>

    <p class='ocr_par' dir='ltr' id='par_1_19' title="bbox 1071 2931 2451 3019">
     <span class='ocr_line' id='line_1_29' title="bbox 1071 2931 2451 3019; baseline 0.001 -23"><span class='ocrx_word' id='word_1_146' title='bbox 1071 2954 1188 3018; x_wconf 92' lang='lat' dir='ltr'><strong>per</strong></span> <span class='ocrx_word' id='word_1_147' title='bbox 1221 2953 1415 3015; x_wconf 89' lang='lat' dir='ltr'><strong>quam</strong></span> <span class='ocrx_word' id='word_1_148' title='bbox 1447 2954 1578 2996; x_wconf 90' lang='lat' dir='ltr'><strong>non</strong></span> <span class='ocrx_word' id='word_1_149' title='bbox 1610 2931 1760 2997; x_wconf 93' lang='lat' dir='ltr'><strong>licet</strong></span> <span class='ocrx_word' id='word_1_150' title='bbox 1794 2955 1932 2997; x_wconf 90' lang='lat' dir='ltr'><strong>esse</strong></span> <span class='ocrx_word' id='word_1_151' title='bbox 1967 2932 2451 3019; x_wconf 63' lang='lat' dir='ltr'><strong>neglegentem?</strong></span> 
     </span>
    </p>
   </div>
   <div class='ocr_carea' id='block_1_7' title="bbox 1667 3156 2688 3198">
    <p class='ocr_par' dir='ltr' id='par_1_20' title="bbox 1667 3156 2688 3198">
     <span class='ocr_line' id='line_1_30' title="bbox 1667 3156 2688 3198; baseline 0.001 -1"><span class='ocrx_word' id='word_1_152' title='bbox 1667 3156 2012 3167; x_wconf 68' lang='lat'><strong>——-</strong></span> <span class='ocrx_word' id='word_1_153' title='bbox 2547 3175 2552 3176; x_wconf 50' lang='lat'><em>⁷</em></span> <span class='ocrx_word' id='word_1_154' title='bbox 2679 3165 2688 3198; x_wconf 80' lang='lat' dir='ltr'><strong>l</strong></span> 
     </span>
    </p>
   </div>
   <div class='ocr_carea' id='block_1_8' title="bbox 1068 3345 2658 3656">
    <p class='ocr_par' dir='ltr' id='par_1_21' title="bbox 1068 3345 2658 3656">
     <span class='ocr_line' id='line_1_31' title="bbox 1766 3345 2658 3430; baseline 0.004 -15"><span class='ocrx_word' id='word_1_155' title='bbox 1766 3348 1904 3426; x_wconf 64' lang='lat' dir='ltr'><strong>XI,</strong></span> <span class='ocrx_word' id='word_1_156' title='bbox 2371 3349 2404 3430; x_wconf 58' lang='grc' dir='ltr'><strong>ἶ»</strong></span> <span class='ocrx_word' id='word_1_157' title='bbox 2453 3349 2496 3424; x_wconf 48' lang='grc' dir='ltr'><strong>’Ἀ</strong></span> <span class='ocrx_word' id='word_1_158' title='bbox 2597 3363 2602 3370; x_wconf 78' lang='lat'>‘</span> <span class='ocrx_word' id='word_1_159' title='bbox 2645 3345 2658 3352; x_wconf 40' lang='lat'><em>³</em></span> 
     </span>
     <span class='ocr_line' id='line_1_32' title="bbox 1068 3465 2610 3556; baseline 0.003 -15"><span class='ocrx_word' id='word_1_160' title='bbox 1068 3475 1227 3541; x_wconf 87' lang='lat' dir='ltr'><strong>Furi</strong></span> <span class='ocrx_word' id='word_1_161' title='bbox 1262 3485 1324 3541; x_wconf 88' lang='lat' dir='ltr'><strong>et</strong></span> <span class='ocrx_word' id='word_1_162' title='bbox 1360 3476 1607 3554; x_wconf 84' lang='lat' dir='ltr'><strong>Aureli,</strong></span> <span class='ocrx_word' id='word_1_163' title='bbox 1644 3476 1906 3542; x_wconf 81' lang='lat' dir='ltr'><strong>comites</strong></span> <span class='ocrx_word' id='word_1_164' title='bbox 1945 3476 2203 3556; x_wconf 79' lang='lat' dir='ltr'><strong>Catulli,</strong></span> <span class='ocrx_word' id='word_1_165' title='bbox 2597 3465 2610 3474; x_wconf 60' lang='grc'><strong>’</strong></span> 
     </span>
     <span class='ocr_line' id='line_1_33' title="bbox 1070 3567 2296 3656; baseline 0.004 -23"><span class='ocrx_word' id='word_1_166' title='bbox 1070 3569 1203 3633; x_wconf 88' lang='lat' dir='ltr'><strong>sive</strong></span> <span class='ocrx_word' id='word_1_167' title='bbox 1236 3567 1303 3633; x_wconf 91' lang='lat' dir='ltr'><strong>in</strong></span> <span class='ocrx_word' id='word_1_168' title='bbox 1339 3581 1656 3635; x_wconf 85' lang='lat' dir='ltr'><strong>extremos</strong></span> <span class='ocrx_word' id='word_1_169' title='bbox 1689 3572 2045 3656; x_wconf 86' lang='lat' dir='ltr'><strong>penetrabit</strong></span> <span class='ocrx_word' id='word_1_170' title='bbox 2079 3573 2296 3650; x_wconf 87' lang='lat' dir='ltr'><strong>Indos,</strong></span> 
     </span>
    </p>
   </div>
   <div class='ocr_carea' id='block_1_9' title="bbox 1066 3664 2097 3844">
    <p class='ocr_par' dir='ltr' id='par_1_22' title="bbox 1066 3664 2097 3844">
     <span class='ocr_line' id='line_1_34' title="bbox 1066 3664 2097 3750; baseline 0.006 -21"><span class='ocrx_word' id='word_1_171' title='bbox 1066 3664 1218 3729; x_wconf 89' lang='lat' dir='ltr'><strong>litus</strong></span> <span class='ocrx_word' id='word_1_172' title='bbox 1252 3675 1325 3729; x_wconf 91' lang='lat' dir='ltr'><strong>ut</strong></span> <span class='ocrx_word' id='word_1_173' title='bbox 1358 3665 1550 3750; x_wconf 87' lang='lat' dir='ltr'><strong>longe</strong></span> <span class='ocrx_word' id='word_1_174' title='bbox 1585 3676 1918 3732; x_wconf 80' lang='lat' dir='ltr'><strong>resonante</strong></span> <span class='ocrx_word' id='word_1_175' title='bbox 1953 3666 2097 3736; x_wconf 80' lang='lat' dir='ltr'><strong>an</strong></span> 
     </span>
     <span class='ocr_line' id='line_1_35' title="bbox 1067 3757 1580 3844; baseline 0 -21"><span class='ocrx_word' id='word_1_176' title='bbox 1067 3757 1354 3844; x_wconf 87' lang='lat' dir='ltr'><strong>tunditur</strong></span> <span class='ocrx_word' id='word_1_177' title='bbox 1387 3759 1580 3837; x_wconf 90' lang='lat' dir='ltr'><strong>unda,</strong></span> 
     </span>
    </p>
   </div>
   <div class='ocr_carea' id='block_1_10' title="bbox 1065 3964 2616 4330">
    <p class='ocr_par' dir='ltr' id='par_1_23' title="bbox 1066 3964 2680 4236">
     <span class='ocr_line' id='line_1_36' title="bbox 1069 3964 2616 4049; baseline 0.003 -21"><span class='ocrx_word' id='word_1_178' title='bbox 1069 3964 1203 4029; x_wconf 85' lang='lat' dir='ltr'><strong>sive</strong></span> <span class='ocrx_word' id='word_1_179' title='bbox 1238 3964 1305 4028; x_wconf 91' lang='lat' dir='ltr'><strong>in</strong></span> <span class='ocrx_word' id='word_1_180' title='bbox 1337 3966 1676 4049; x_wconf 88' lang='lat' dir='ltr'><strong>Hyrcanos</strong></span> <span class='ocrx_word' id='word_1_181' title='bbox 1712 3964 2047 4030; x_wconf 81' lang='lat' dir='ltr'><strong>Arabasve</strong></span> <span class='ocrx_word' id='word_1_182' title='bbox 2082 3964 2306 4031; x_wconf 90' lang='lat' dir='ltr'><strong>molles</strong></span> <span class='ocrx_word' id='word_1_183' title='bbox 2605 4015 2616 4046; x_wconf 76' lang='lat' dir='ltr'><em>s</em></span> 
     </span>
     <span class='ocr_line' id='line_1_37' title="bbox 1067 4055 2247 4146; baseline 0.001 -23"><span class='ocrx_word' id='word_1_184' title='bbox 1067 4080 1182 4123; x_wconf 88' lang='lat' dir='ltr'><strong>seu</strong></span> <span class='ocrx_word' id='word_1_185' title='bbox 1217 4055 1416 4123; x_wconf 89' lang='lat' dir='ltr'><strong>Sacas</strong></span> <span class='ocrx_word' id='word_1_186' title='bbox 1452 4057 1918 4146; x_wconf 83' lang='lat' dir='ltr'><strong>sagittiferosve</strong></span> <span class='ocrx_word' id='word_1_187' title='bbox 1953 4058 2247 4136; x_wconf 87' lang='lat' dir='ltr'><strong>Parthos,</strong></span> 
     </span>
     <span class='ocr_line' id='line_1_38' title="bbox 1066 4151 2211 4236; baseline 0.002 -21"><span class='ocrx_word' id='word_1_188' title='bbox 1066 4151 1202 4217; x_wconf 88' lang='lat' dir='ltr'><strong>sive</strong></span> <span class='ocrx_word' id='word_1_189' title='bbox 1237 4172 1365 4234; x_wconf 90' lang='lat' dir='ltr'><strong>qua</strong></span> <span class='ocrx_word' id='word_1_190' title='bbox 1401 4151 1936 4236; x_wconf 84' lang='lat' dir='ltr'><strong>septemgeminus</strong></span> <span class='ocrx_word' id='word_1_191' title='bbox 1975 4153 2211 4217; x_wconf 88' lang='lat' dir='ltr'><strong>colorat</strong></span> 
     </span>
    </p>

    <p class='ocr_par' dir='ltr' id='par_1_24' title="bbox 1065 4244 1581 4330">
     <span class='ocr_line' id='line_1_39' title="bbox 1065 4244 1581 4330; baseline 0 -21"><span class='ocrx_word' id='word_1_192' title='bbox 1065 4266 1342 4330; x_wconf 89' lang='lat' dir='ltr'><strong>aequora</strong></span> <span class='ocrx_word' id='word_1_193' title='bbox 1378 4244 1581 4323; x_wconf 91' lang='lat' dir='ltr'><strong>Nilus,</strong></span> 
     </span>
    </p>
   </div>
  </div>
 </body>
</html>
