3225 5171
1194 465 1429 531 LIBER¹

1115 664 1490 732 LXXXII.

523 775 788 867 Quinti,
824 775 877 849 si
914 784 1030 848 tibi
1066 785 1160 848 vis
1194 786 1409 850 oculos
1450 784 1681 850 debere
1718 779 2050 849 Catullum

626 888 737 943 au't
771 878 945 942 aliud
980 877 1191 960 siquid
1225 878 1431 942 carius
1466 888 1562 942 est
1596 878 1817 952 oculis,
1861 923 1866 928 -

537 972 784 1057 eripere
821 971 878 1036 ei
912 972 1062 1048 noli,
1098 971 1300 1035 multo
1336 971 1507 1055 quod
1543 971 1750 1036 carius
1785 970 1877 1035 illi

625 1076 720 1130 est
755 1064 954 1130 oculis
990 1086 1104 1129 seu
1140 1065 1294 1149 quid
1329 1065 1534 1130 carius
1571 1074 1667 1131 est
1698 1063 1917 1130 oculis.

1094 1411 1504 1484 LXXXIII.

362 1530 606 1597 Lesbia
640 1529 728 1595 mi
763 1538 1095 1616 praesente
1133 1531 1265 1594 viro
1300 1532 1469 1596 mala
1501 1531 1776 1616 plurima
1811 1530 1990 1597 dicitx

450 1625 609 1690 haec
644 1625 736 1690 illi
770 1623 948 1689 fatuo
984 1624 1262 1689 maxima
1295 1624 1608 1690 laetitiast.

360 1718 556 1795 mule,
592 1718 747 1782 nihil
784 1718 997 1783 sentis.
1085 1718 1139 1782 'si
1171 1718 1374 1782 nostri
1407 1719 1602 1783 oblita
1636 1728 1891 1796 taceret,
1937 1802 1942 1808 .

449 1825 602 1876 sana
638 1821 838 1877 esset:
874 1833 1046 1877 nunc
1082 1811 1255 1895 quod
1288 1812 1513 1896 gannit
1545 1823 1610 1877 et
1644 1812 2025 1896 obloquitur,

358 1927 489 1969 non
526 1905 734 1970 solum
770 1905 1074 1988 meminit,
1111 1905 1246 1981 sed,
1278 1926 1446 1988 quae
1479 1907 1679 1970 multo
1715 1906 1917 1970 acrior
1953 1916 2046 1971 est
2083 1927 2205 1983 res,

446 1999 607 2064 irata
641 2010 757 2074 est,
793 1998 914 2063 hoc
949 2009 1064 2076 est,
1100 1999 1304 2063 uritur
1337 2010 1402 2064 et
1436 2000 1744 2082 coquitur.

1093 2346 1495 2414 LXXXIV.

356 2464 762 2531 Chommoda
798 2466 1067 2542 dicebat,
1104 2466 1158 2531 si
1191 2466 1446 2549 quando
1468 2463 1815 2536 ‚commoda
1847 2466 2039 2533 vellet

444 2559 671 2636 dicere,
709 2570 774 2626 et
806 2560 1066 2626 insidias
1103 2560 1332 2626 Arrius
1367 2560 1696 2637 hinsidias,

354 2667 425 2720 et
457 2665 592 2718 turn
632 2655 891 2720 mirifice
926 2655 1222 2740 sperabat
1258 2677 1326 2719 se
1361 2677 1498 2721 esse
1530 2655 1832 2731 locutum,

444 2771 591 2814 cum
625 2759 932 2832 quantum
968 2759 1213 2833 poterat
1246 2748 1491 2814 dixerat
1523 2748 1847 2813 hinsidias,

352 2843 566 2918 cred0,
603 2844 695 2906 sic
728 2852 949 2918 mater,
986 2843 1077 2906 sic
1111 2842 1309 2906 Liber
1343 2841 1695 2907 avunculus
1732 2842 1889 2917 eius,

442 2935 534 2999 sic
570 2949 893 3000 maternus
928 2957 1086 2999 avus
1120 2935 1375 2999 'dixerat
1407 2945 1599 3018 atque
1635 2935 1796 2999 avia.

355 3027 479 3092 hoc
514 3027 706 3091 misso
742 3028 806 3092 in
845 3026 1098 3112 Syriam
1134 3027 1497 3111 requierant
1529 3027 1825 3091 omnibus
1861 3022 2096 3092 aurest‘

442 3120 749 3185 audibant
786 3121 1006 3186 eadem
1042 3120 1200 3185 haec
1233 3120 1456 3184 leniter
1491 3131 1554 3185 et
1585 3121 1828 3197 leviter,
2036 3132 2045 3142 ’

351 3221 474 3280 ne'c
511 3214 631 3278 sibi
667 3214 919 3299 postilla
952 3214 1320 3280 metuebant
1352 3214 1503 3278 talia
1536 3213 1751 3289 verba,

442 3330 588 3373 cum
624 3307 832 3371 subito
868 3307 1152 3372 adfertur
1184 3306 1441 3372 nuntius
1476 3308 1810 3383 horribilis,

351 3400 568 3465 Ionios
603 3400 854 3475 fluctus,
890 3413 1227 3485 postquam
1260 3400 1409 3465 illuc
1445 3402 1673 3466 Arrius
1708 3401 1877 3479 isset,

438 3495 564 3559 iam
599 3516 726 3558 non
761 3495 976 3560 Ionios
1014 3517 1170 3572 esse,
1206 3494 1319 3561 sed
1352 3496 1643 3561 Hionios.

1098 3842 1466 3939 LXXXV.

348 3957 488 4022 Odi
525 3970 588 4024 et
622 3982 785 4024 amc.
873 3982 1069 4043 quare
1111 3961 1178 4025 id
1212 3930 1463 4039 faciam,
1500 3961 1767 4029 fortasse
1802 3963 2089 4075 requiris.

440 4053 677 4131 nescio,
710 4054 823 4118 sed
856 4054 993 4119 fieri
1022 4054 1228 4119 sentio
1263 4064 1328 4121 et
1361 4055 1705 4122 excrucior.

359 4338 558 4380 Caiulhm
1930 4343 1967 4399 5

2349 1918 2389 1973 5

2340 3327 2416 3383 10
