3225 5171
1174 488 1527 532 Annorum
1574 489 1819 532 cmi-roa
2463 491 2586 551 cxv

536 607 765 667 XXXI
800 608 837 666 8
857 626 900 665 s.
929 610 1228 683 pereyrino
1264 610 1455 666 labore
1479 607 1632 666 nihil
1658 608 1914 669 offensae
1939 608 2135 668 babet.
2189 610 2343 669 conf.
2369 610 2584 670 Munro

413 696 541 752 erit.
582 693 720 751 115.
768 724 856 733 —
903 694 980 750 13
1027 712 1125 750 vos
1169 714 1402 768 quoque,
1456 696 1657 751 insitae
1697 694 1979 773 Heysius‚
2033 693 2198 752 euius
2252 698 2587 756 coniectura

413 781 524 838 etsi
576 785 736 837 certa
787 797 908 836 non
959 785 1064 850 est,
1120 781 1325 837 ceteris
1380 780 1647 839 bonitate
1694 786 1969 856 praestat.
2055 798 2153 835 vos
2198 799 2411 855 quoque
2454 783 2587 839 lidie

347 863 350 866 ’
415 862 584 939 (lydio
619 858 702 937 G)
738 863 811 922 V.
897 882 1121 936 vosque,
1177 883 1208 920 o
1251 865 1473 921 Libuae
1514 863 1813 941 Hauptius
1857 862 1931 922 de
1973 863 2261 923 Italorum
2306 874 2364 923 et
2397 866 2587 924 Lach-

412 949 616 1007 manni
651 948 1017 1006 coniecturis.
1091 947 1197 1007 sed
1232 968 1445 1023 quoque
1481 948 1559 1006 ad
1595 950 1945 1008 sententiam
1980 951 2347 1027 aptissimum
2383 952 2588 1029 utique

413 1031 771 1092 servandum
806 1039 909 1104 est,
947 1051 1138 1112 neque
1171 1032 1319 1092 illud
1346 1035 1566 1090 Libuae
1599 1052 1706 1110 per
1740 1052 1802 1092 se
1835 1033 2019 1092 multo
2055 1033 2187 1111 plus
2220 1035 2588 1096 commenda·

411 1120 591 1177 tionis
626 1117 804 1176 habet
838 1137 1017 1196 quam
1052 1117 1211 1196 quod
1245 1117 1428 1195 vulgo
1464 1118 1740 1177 scribitur
1771 1119 2012 1194 Lydiae.

539 1201 801 1260 XXXII
842 1208 873 1260 1
913 1203 1162 1277 Ipsitilla
1194 1203 1587 1262 Buechelerus
1625 1202 1701 1261 ad
1725 1202 1963 1262 Petron.
1990 1223 2047 1282 p.
2079 1204 2175 1261 74.
2238 1205 2353 1280 ipsi
2384 1206 2487 1263 illa
2513 1202 2587 1264 O.

415 1289 666 1362 ipsitbila
701 1286 773 1346 G.
860 1288 1147 1362 Ipsithilla
1196 1288 1395 1364 vulgo,
1451 1295 1509 1347 et
1559 1289 1645 1346 ita
1695 1287 2009 1366 Hauptius.
2051 1319 2140 1328 —
2192 1290 2233 1347 4
2278 1298 2404 1347 erat
2457 1309 2592 1348 eum

415 1372 684 1431 Turnebi
716 1372 869 1430 illud
903 1374 1154 1430 adiubeto
1191 1373 1528 1451 probarem:
1565 1393 1725 1432 nune
1759 1375 1823 1431 in
1858 1373 2076 1431 tradita
2110 1373 2364 1433 lectione
2397 1373 2589 1433 libens

417 1457 752 1536 adquiesco.
825 1459 1091 1515 adiuvato
1135 1457 1292 1516 idem
1335 1457 1462 1517 fere
1505 1466 1594 1516 est
1642 1465 1818 1537 atque
1853 1459 1932 1515 da
1965 1478 2191 1533 operam
2227 1454 2403 1531 (conf.
2439 1459 2590 1518 Poe·

416 1543 546 1603 nuli
578 1542 772 1601 Plaut.
817 1542 965 1621 prol.
1007 1545 1074 1601 in
1115 1540 1278 1616 fine),
1324 1543 1687 1621 adparetque
1723 1542 1800 1600 ad
1835 1542 1947 1601 hoe
1981 1543 2228 1602 verbum
2261 1563 2332 1603 ea
2366 1562 2518 1624 quae
2554 1564 2591 1604 a

414 1648 473 1687 v.
513 1629 549 1685 6
589 1634 867 1686 secuntur
898 1627 1083 1686 multo
1119 1629 1313 1704 aptius
1348 1646 1473 1687 sese
1510 1627 1850 1705 adiungere.
1889 1660 1893 1664 Δ

545 1711 799 1772 XXXV
833 1713 871 1769 3
905 1713 1060 1771 Novi
1091 1712 1292 1789 vulg0.
1362 1715 1490 1770 novi
1522 1713 1840 1791 Hauptius.

543 1797 827 1857 XXXVI
864 1798 900 1854 9
936 1799 1036 1856 hoc
1069 1798 1222 1857 libri.
1291 1799 1428 1855 baec
1463 1798 1764 1876 Hauptius
1793 1817 1925 1856 eum
1951 1797 2140 1856 Italis.
2175 1829 2260 1839 —
2299 1799 2375 1855 12
2412 1800 2592 1856 urios·

422 1902 527 1957 que
562 1880 869 1957 (utriosque
904 1902 1039 1942 sser.
1075 1886 1336 1957 uriosque
1361 1879 1446 1958 G)
1482 1893 1712 1958 apertos
1737 1882 1812 1954 V,
1850 1881 2009 1962 quod
2045 1902 2178 1940 eum
2205 1882 2592 1943 Lachmanno

418 1968 660 2039 retinui,
714 1986 883 2026 eruce
935 1975 1137 2026 tamen
1197 1967 1483 2046 adposita.
1585 1969 1860 2041 Uriosque
1908 1977 2115 2043 portus
2166 1967 2241 2024 N.
2285 1967 2589 2041 Heinsius,

419 2070 594 2130 quem
629 2057 687 2110 et
721 2052 1022 2130 Hauptius
1059 2060 1117 2111 et
1152 2052 1256 2110 alii
1284 2055 1469 2111 secuti
1498 2059 1650 2109 sunt.
1723 2049 1828 2110 sed
1853 2050 1999 2109 haee
2024 2052 2377 2123 coniectura,
2415 2072 2592 2131 quam

416 2138 544 2215 ipse
577 2136 863 2195 Heinsius
901 2138 1260 2213 argumentis
1292 2136 1638 2194 confirmare
1672 2134 2016 2214 supersedit,
2054 2135 2196 2215 quid
2226 2137 2593 2196 commenda-

417 2223 597 2280 tionis
648 2221 865 2280 habeat
910 2220 1180 2299 equidem
1229 2241 1350 2279 non
1403 2221 1708 2298 perspicio,
1787 2241 1926 2278 nam
1969 2219 2042 2279 de
2089 2219 2401 2280 Calabriae
2444 2222 2593 2282 urbe

414 2306 566 2365 Uria
609 2309 738 2365 sive
780 2306 977 2384 Hyria
1029 2312 1096 2364 ut
1145 2308 1210 2363 in
1263 2304 1708 2364 mediterraneis
1749 2308 1905 2364 inter
1936 2304 2322 2364 Brundisium
2372 2313 2432 2365 et
2472 2307 2592 2365 Ta·

416 2399 653 2450 rentum
707 2392 818 2448 sita
872 2410 1004 2449 cum
1058 2392 1304 2466 eogitari
1357 2391 1595 2449 omnino
1643 2410 1765 2469 non
1816 2392 2017 2468 possit,
2069 2410 2191 2449 non
2240 2391 2594 2470 relinquitur

417 2478 538 2534 nisi
571 2475 800 2547 Urium,
838 2469 1242 2549 πολισμάτιον,
1278 2481 1344 2534 ut
1379 2473 1590 2534 Strabo
1629 2475 1737 2548 VI,
1774 2495 1829 2553 p.
1870 2476 1992 2533 284
2028 2474 2187 2547 dicit,
2232 2475 2491 2554 Apuliae
2525 2479 2592 2536 in

419 2579 524 2621 ora
566 2561 743 2620 maris
778 2559 1115 2619 Hadriatici
1149 2563 1342 2620 situm.
1423 2566 1487 2619 at
1517 2560 1814 2620 Venerem
1857 2560 1942 2620 ibi
1984 2561 2269 2641 templum
2314 2561 2590 2622 habuisse

417 2667 541 2705 non
584 2649 791 2723 magis,
846 2646 1006 2725 quod
1061 2648 1256 2719 seiam,
1309 2649 1629 2705 memoriae
1682 2645 1977 2725 proditum
2028 2656 2115 2705 est
2167 2667 2344 2726 quam
2387 2648 2588 2720 Uriae,

418 2750 610 2811 neque
651 2750 792 2791 vero
838 2731 985 2791 deae
1026 2733 1092 2789 in
1134 2734 1245 2790 isto
1291 2731 1571 2810 oppidulo
1620 2731 1808 2790 cultus
1855 2750 1986 2789 eum
2021 2730 2416 2790 celeberrimis
2462 2735 2591 2790 eius

416 2818 725 2894 religionis
759 2816 998 2876 sedibus
1047 2835 1198 2896 quae
1233 2823 1370 2875 ante
1420 2824 1478 2875 et
1522 2824 1656 2894 post
1697 2821 2094 2875 memorantur
2127 2823 2263 2893 apte
2297 2819 2592 2875 consocia-

418 2910 592 2962 retur.
664 2901 892 2960 aocedit
928 2901 1086 2980 quod
1119 2901 1365 2980 pluralis
1401 2919 1680 2958 numerus
1707 2908 1913 2975 portus
1948 2919 2070 2957 non
2104 2900 2231 2958 sine
2268 2899 2590 2961 offensione

421 2994 525 3048 est.
614 2985 870 3065 denique
921 2986 1204 3045 librorum
1257 2988 1544 3063 scriptura
1587 2994 1817 3059 apertos
1868 3002 1974 3062 per
2027 3004 2088 3044 se
2131 2984 2282 3042 nihil
2334 2988 2591 3064 suspecti

417 3071 614 3141 habet,
650 3089 843 3149 neque
877 3072 1004 3130 veri
1040 3072 1230 3130 simile
1265 3077 1353 3130 est
1385 3070 1497 3127 hoo
1526 3067 1883 3128 adjectivum
1916 3086 2023 3147 per
2058 3088 2311 3128 errorem
2345 3088 2421 3129 ex
2455 3090 2589 3146 por-

419 3166 511 3214 tus
544 3154 834 3213 vocabulo
872 3163 1062 3213 ortum
1097 3175 1240 3215 esse.
1312 3172 1464 3234 quae
1498 3174 1631 3213 eum
1658 3157 1745 3212 ita
1779 3156 1913 3225 sint,
1950 3153 2291 3213 mendosam
2327 3155 2591 3214 codicum

419 3240 732 3301 lectionem
775 3241 839 3298 in
881 3259 1160 3318 praesens
1205 3258 1439 3299 servare
1483 3258 1658 3318 quam
1705 3241 2098 3298 coniecturam
2144 3241 2339 3318 speeie
2379 3240 2591 3300 fallen·

419 3334 539 3385 tem
599 3327 864 3402 recipere
922 3324 1122 3383 malui.
1210 3325 1512 3403 aliquanto
1573 3323 1938 3402 probabilius
2001 3344 2069 3382 ae
2132 3324 2379 3384 fortasse
2433 3332 2591 3386 reete

417 3409 715 3488 Bergkius
757 3408 962 3488 philol.
1007 3410 1198 3467 XXX
1245 3410 1367 3467 682
1432 3408 1775 3485 Chytrosque
1827 3418 2056 3485 apertos
2107 3412 2434 3488 suspicatus
2486 3419 2588 3470 est.

418 3517 561 3556 nam
594 3494 673 3553 ad
705 3494 901 3554 Isaaei
936 3495 1132 3553 Vossii
1170 3496 1475 3553 inventum
1510 3492 1798 3569 Syrosque
1832 3503 2061 3570 apertos
2095 3514 2215 3552 non
2251 3494 2431 3553 nullis
2467 3493 2590 3554 edi-

388 3581 645 3648 ‚toribus
693 3579 1004 3658 probatum
1051 3578 1205 3658 quod
1258 3581 1485 3649 attinet,
1540 3578 1810 3659 displicet
1849 3597 2067 3637 nomen
2108 3579 2313 3657 populi
2355 3578 2590 3638 urbium

422 3665 763 3726 nominibus
805 3666 1154 3736 immixtum,
1202 3683 1395 3743 neque
1429 3664 1635 3723 Venus
1680 3667 1855 3721 colere
1888 3662 2068 3738 Syros
2112 3662 2318 3723 eadem
2360 3666 2591 3724 ratione

423 3771 541 3830 qua
575 3750 859 3830 Syrorum
892 3750 1067 3809 urbes
1103 3749 1222 3807 diei
1254 3756 1462 3827 potest.
1498 3781 1583 3789 —
1633 3749 1711 3806 13
1746 3749 2181 3806 harundinosam
2219 3748 2290 3809 G.
2360 3750 2590 3806 arundi-

423 3856 617 3893 nosam
650 3836 970 3913 HauptiuS.
1007 3867 1091 3876 —-
1129 3834 1205 3892 15
1243 3835 1504 3891 Hadriae
1536 3833 1612 3893 V.
1683 3833 1895 3891 Adriae
1926 3832 2240 3911 Hauptius.

549 3920 867 3979 XXXVII
904 3922 941 3977 2
978 3922 1231 3996 pilleatis
1277 3917 1350 3992 O,
1397 3918 1453 3979 Gr
1497 3939 1548 3976 a.
1593 3939 1668 3975 m.
1713 3938 1799 3996 pr.
1871 3920 2102 3993 pileatis
2143 3918 2458 3996 Hauptius.
2506 3952 2591 3961 —

427 4006 508 4064 10
553 4008 872 4081 ropionibus
912 4006 984 4074 R.
1019 4005 1307 4083 Peiperus
1348 4023 1493 4063 mus.
1528 4003 1719 4062 Rhen.
1754 4003 2014 4061 XXXII
2049 4003 2170 4061 523
2224 4002 2592 4063 adsentiente

422 4091 507 4149 M.
540 4089 787 4150 Hertzio
823 4111 960 4149 ann.
994 4089 1198 4170 philol.
1237 4088 1476 4149 CXVII
1512 4088 1653 4147 254.
1725 4089 2041 4165 sopionibus
2067 4089 2139 4148 V.
2211 4091 2594 4165 scorpionibus

425 4192 461 4241 ς
506 4194 627 4234 non
671 4175 835 4249 nulli,
898 4176 1335 4248 LachmannuS,
1386 4173 1704 4252 Hauptius.
1792 4175 1999 4232 nititur
2040 4177 2374 4232 coniectura
2418 4194 2455 4232 a
2495 4193 2594 4233 me

424 4268 663 4339 recepta
721 4279 896 4320 versu
954 4260 1057 4320 illo
1119 4264 1186 4319 in
1236 4260 1588 4339 Pompeium
1647 4257 1802 4319 facto
1864 4277 2038 4338 quem
2087 4259 2309 4318 Marius
2361 4258 2594 4317 Plotius

2173 4354 2254 4396 H·
