3225 5171
888 457 977 542 54
1743 488 2078 547 cATULm

976 612 1311 700 progenies
1347 611 1548 677 Thiae
1586 612 1757 677 clara
1791 611 2251 698 supervehitur,
2325 615 2335 622 ⁴

784 725 860 779 45
895 730 1038 773 cum
1074 707 1258 773 Medi
1293 728 1594 791 peperere
1630 728 1862 771 novum
1902 731 2074 774 mare
2112 731 2384 792 cumque
2420 710 2714 778 iuventus

975 826 1088 886 per
1122 800 1401 867 medium
1438 801 1621 886 classi
1657 800 1929 865 barbara
1963 803 2137 867 navit
2174 804 2417 868 Athon.

889 895 1317 979 quid'facient
1351 894 1574 969 crineS,
1612 887 1755 957 cum
1794 891 1960 959 ferro
1998 897 2148 961 talia
2192 898 2455 962 cedant?

973 989 1280 1074 Iuppiter,
1318 998 1387 1051 ut
1425 985 1762 1072 Chalybon
1800 1010 1985 1054 omne
2019 1012 2223 1074 genus
2258 1003 2497 1076 pereat,

890 1094 953 1148 et
988 1081 1099 1166 qui
1130 1082 1438 1167 principio
1476 1105 1504 1145 s
1556 1082 1595 1144 b
1623 1089 1812 1170 'terra‘
1835 1104 2138 1178 guaerere
2171 1106 2368 1149 venas
2515 1115 2525 1124 ·

781 1196 856 1250 50
974 1177 1200 1240 institit
1233 1198 1309 1240 ac
1344 1176 1406 1240 fe
1441 1105 1844 1266 rilkfisse
1875 1175 2198 1241 duritiem!
2436 1140 2874 1323 Q&

890 1270 1231 1362 abiunctae
1259 1199 1474 1377 pauqo
1509 1280 1657 1333 ante
1694 1291 1912 1333 comae
1948 1293 2091 1335 mea
2125 1270 2258 1335 fata
2292 1291 2539 1336 sorores

972 1365 1297 1449 lugebant,
1336 1385 1480 1426 cum
1519 1385 1586 1426 se
1623 1363 1989 1427 Memnonis
2025 1364 2362 1449 Aethiopis

888 1458 1165 1542 unigena
1199 1457 1506 1541 inpellens
1542 1457 1876 1528 nutantibu
1950 1480 2096 1522 aera
2131 1458 2355 1542 pennis

820 1635 823 1638 Ἴ
973 1552 1202 1616 obtulit
1239 1480 1936 1708 Ανείηοεεῇὶῐμοοῑίίῗρἔί
1929 1551 2059 1615 ales
2096 1573 2318 1634 equus,

782 1663 853 1718 55
885 1646 1065 1730 isque
1101 1668 1214 1731 per
1248 1644 1558 1709 aetherias
1595 1667 1697 1709 me
1731 1655 1796 1708 to
1823 1645 1961 1710 lens
1998 1647 2208 1710 avolat
2245 1646 2502 1709 umbras

972 1752 1034 1805 et
1067 1740 1336 1824 Veneris
1373 1749 1545 1824 casto
1583 1739 1850 1804 collocat
1884 1739 1951 1803 in
1986 1740 2247 1825 gremio.

884 1834 1025 1919 ipsa
1060 1829 1245 1897 suum
1284 1832 1647 1918 Zephyritis
1684 1854 1759 1896 eo
1796 1833 2108 1896 famulum
2142 1834 2407 1918 legarat,

258 1990 268 2002 ,
306 1997 317 2019 ,
950 1927 1169 1993 'Graia
1206 1925 1509 2011 Canopiis
1543 1926 1606 1989 in
1650 1926 1751 2013 ola
1783 1927 2095 1992 litoribus.
2189 1917 2195 1929 ⁴

32 2015 165 2104 ⁴⁵3ss
196 2019 359 2094 {im
380 2037 561 2099 me
606 2025 763 2092 ,ajx-,22
830 1992 1066 2112 {ajdui
1101 2021 1189 2084 ibi
1223 2021 1398 2100 vario
1435 2042 1515 2084 ne
1551 1949 1691 2115 δὲ
1721 2020 1784 2083 in
1820 2020 2058 2084 lumine
2095 2020 2254 2085 caeli

76 2105 109 2202 “x-
174 2103 853 2201 ηκὶεῧῗὲυωῃχθο
970 2105 1425 2202 eit-Ariadneis
1462 2136 1655 2176 aurea
1690 2109 2080 2199 temporibus

114 2201 121 2206 ’
394 2196 439 2250 Α
884 2210 1011 2273 fixa
1047 2215 1278 2272 corona
1314 2208 1497 2284 foret,
1534 2207 1650 2271 sed
1684 2229 1800 2271 nos
1835 2228 2089 2290 quoque
2125 2207 2516 2292 fulgeremus

971 2303 1237 2367 devotae
1272 2301 1419 2364 flavi
1456 2301 1709 2364 verticis
1747 2301 2035 2376 exuviae,

884 2396 1210 2460 uvidulam
1250 2416 1287 2457 a
1322 2395 1473 2457 fletu
1512 2394 1842 2458 cedentem
1879 2395 1962 2458 ad
1997 2394 2232 2478 templa
2269 2395 2458 2457 deum
2492 2416 2595 2459 me

974 2490 1147 2554 sidus
1184 2489 1249 2551 in
1287 2487 1560 2569 antiquis
1599 2488 1747 2551 diva
1780 2510 2016 2552 novum
2052 2488 2289 2573 posuit:

766 2603 852 2657 »65
885 2585 1165 2670 virginis·
1188 2593 1252 2648 et
1287 2583 1460 2647 saevi
1494 2583 1869 2669 contingens
1904 2606 2183 2667 namque
2217 2581 2416 2648 leonis

967 2679 1227 2754 lumina,
1267 2675 1532 2741 Callisto
1569 2677 1784 2741 iuncta
1819 2677 2210 2763 Lycaoniae,

882 2784 1092 2839 vertor
1126 2773 1192 2835 in
1229 2793 1545 2846 occasum,
1586 2771 1838 2834 tardum
1875 2771 2006 2834 dux
2042 2780 2188 2835 ante
2223 2771 2490 2844 Booten,

966 2867 1076 2950 qui
1110 2867 1217 2929 vix
1253 2886 1392 2930 sero
1429 2865 1557 2928 alto
1593 2865 1901 2949 mergitur
1937 2862 2219 2929 Ocean0.

831 3026 834 3031 ,
883 2960 996 3025 sed
1032 2981 1421 3043 quamquam
1456 2979 1557 3022 me
1593 2968 1779 3022 nocte
1814 2968 2110 3042 premunt
2145 2956 2413 3041 vestigia
2447 2955 2687 3032 divum,

781 3072 812 3125 7
849 3047 901 3089 ἴ
969 3054 1077 3116 lux
1116 3063 1329 3117 autem
1365 3073 1563 3116 canae
1599 3051 1834 3134 Tethyi
1869 3051 2159 3125 restituit,

813 3072 1039 3281 {pace
1076 3158 1184 3210 tua
1218 3145 1340 3210 fari
1373 3145 1477 3209 hic
1510 3145 1719 3221 liceat,
1757 3143 2152 3208 Rhamnusia
2191 3139 2412 3227 virgo}

946 3241 1266 3322 (namque
1302 3260 1422 3325 ego
1457 3260 1583 3301 non
1622 3238 1752 3302 ullo
1791 3260 1939 3302 vera
1974 3239 2197 3301 timore
2233 3247 2470 3320 tegam,

880 3357 999 3399 nec
1035 3334 1087 3398 si
1120 3355 1224 3397 me
1258 3331 1503 3395 infestis
1541 3331 1899 3416 discerpent
1934 3330 2141 3395 sidera
2175 3329 2378 3406 dictis,

969 3427 1222 3492 co'ndita
1257 3425 1411 3508 quin
1445 3424 1577 3488 veri
1615 3425 1888 3509 pectoris
1924 3425 2263 3503 evoluam),

778 3539 847 3594 75
882 3544 1009 3587 non
1027 3520 1143 3584 his
1178 3530 1308 3583 tam
1342 3520 1542 3583 laetor
1577 3518 1788 3593 rebuS‚
1826 3539 2019 3600 quam
2054 3540 2156 3582 me
2192 3518 2367 3582 afore
2404 3539 2672 3602 semper,

964 3615 1140 3679 afore
1174 3635 1277 3677 me
1314 3635 1352 3675 a
1387 3611 1680 3675 dominae
1716 3612 1949 3676 vertice
1986 3610 2349 3686 discrucior,

878 3710 1136 3793 quicum
1172 3727 1311 3791 eg0,
1349 3705 1501 3769 dum
1538 3705 1719 3789 virgo
1756 3704 2077 3789 quondam
2113 3704 2254 3781 fuit,
2292 3704 2586 3769 omnibus
2624 3720 2866 3790 expers

961 3801 1325 3888 unguentis,
1360 3822 1489 3864 una
1523 3798 1697 3862 milia
1732 3799 1932 3863 multa
1967 3798 2121 3862 bibi.
2135 3834 2211 3886 ,m

877 3917 1066 3972 nunc,
1102 3917 1215 3957 vos
1253 3903 1468 3978 optato
1505 3913 1698 3974 quom
1735 3892 1940 3955 iunxit
1975 3889 2216 3955 lumine
2253 3890 2459 3967 taeda,

774 4007 847 4061 80
963 4011 1093 4053 non
1128 3987 1303 4073 prius
1340 3985 1657 4050 unanimis
1695 4006 1959 4070 corpora
1994 3984 2370 4069 coniugibus

880 4084 1107 4148 tradite
1143 4076 1458 4147 nudantes
1494 4081 1729 4146 reiecta
1765 4092 1938 4146 veste
1974 4081 2263 4166 papillas,

963 4199 1155 4260 quam
1189 4176 1466 4263 iucunda
1499 4175 1653 4238 mihi
1688 4197 1953 4240 munera
1985 4175 2141 4239 libet
2175 4196 2365 4259 onyx,

878 4284 1086 4337 vester
1124 4294 1314 4357 onyx,
1353 4269 1782 4373 casto-petitis
1804 4291 1978 4352 ‚quae
2013 4271 2153 4334 iura
2187 4268 2399 4334 cubili,

1516 4374 1886 4435 ΕΔΞἏᾹἻΞΡΞἊ
