3225 5171
1103 436 1456 479 ADNOTATIO
1502 436 1748 478 0311·ch
2371 436 2514 478 cxlx

339 556 777 628 LachmannuS,
811 553 1129 633 Hauptius.
1149 587 1232 597 —
1263 557 1385 614 134
1424 558 1651 614 Tala-sio
1668 556 1742 616 V.
1807 557 2065 614 Talassio
2092 556 2409 635 Hauptius.
2427 588 2518 597 —-

348 643 469 700 139
506 662 545 699 α
579 640 963 715 (coniunctim
998 642 1278 719 scriptum
1313 661 1447 700 cum
1482 660 1631 700 voce
1665 660 1820 720 quae
1854 638 2174 717 antecedit)
2212 639 2284 699 O.
2353 642 2427 699 ab
2453 641 2512 702 G

345 747 479 787 cum
530 725 772 805 reliquis
824 724 1138 804 plerisque,
1194 733 1251 785 et
1303 728 1387 785 sic
1438 726 1755 804 Hauptius.
1792 757 1879 768 —-
1917 729 2035 785 156
2074 747 2139 783 en
2182 728 2280 783 tibi
2321 728 2514 784 domus

343 811 544 889 vulgo.
613 831 679 868 en
714 812 829 882 tibi,
867 812 1058 868 domus
1090 811 1405 888 HauptiuS.
1435 841 1523 851 —
1552 813 1674 870 158
1712 814 1829 869 sine
1863 814 2071 869 serviat
2104 811 2319 880 Bernh.
2346 811 2516 869 Pisa-

345 917 474 956 nus·
544 899 662 954 sine
696 898 863 953 servit
888 896 960 955 V.
1034 898 1150 953 sine
1179 899 1290 967 fine
1323 899 1493 954 servit
1527 896 1602 954 D.
1675 898 1793 953 sino
1821 897 1932 966 fine
1966 899 2069 953 erit
2093 895 2515 954 Lachmannus

344 982 763 1061 Hauptiusque
817 1000 948 1039 cum
991 980 1270 1052 Avantio,
1324 1002 1532 1060 parum
1584 988 1736 1060 apte,
1791 989 1858 1040 ut
1906 984 2224 1059 insequens
2278 981 2516 1058 stropha

344 1066 616 1126 ostendit.
652 1097 738 1107 ———
773 1067 893 1124 186
931 1068 1069 1123 viris
1105 1065 1344 1125 Statius.
1398 1069 1523 1123 unis
1556 1065 1633 1125 V.
1687 1067 1840 1123 bonis
1874 1066 2174 1143 Hauptius
2212 1085 2344 1124 cum
2371 1067 2515 1124 Pas-

346 1153 577 1225 ser-atie,
622 1150 780 1230 quod
826 1169 971 1209 cave
1014 1169 1088 1210 ne
1131 1171 1186 1208 v.
1229 1152 1304 1208 19
1343 1150 1746 1229 similibusque
1791 1150 2074 1227 exemplis
2120 1150 2516 1209 commendari

346 1244 531 1315 putes.
575 1267 661 1276 -—
708 1236 827 1293 196
849 1255 891 1294 s.
937 1236 1301 1314 parenthesis
1355 1238 1526 1312 signa
1577 1235 1792 1313 quibus
1842 1235 2143 1313 Hauptius
2195 1243 2516 1312 praeeunte

345 1320 731 1380 Lachmanno
758 1320 943 1380 verba
976 1324 1155 1378 ita—
1177 1324 1397 1379 caelites
1431 1320 1672 1379 inclusit
1704 1324 1929 1379 removi
1964 1340 2097 1379 cum
2122 1319 2411 1379 Vahleno.
2429 1351 2516 1361 -—

350 1407 471 1465 198
499 1409 701 1481 pulcer
735 1405 1082 1465 Schwabius
1117 1405 1340 1484 aliique
1365 1404 1591 1481 (pulcre
1627 1425 1718 1462 res
1752 1425 1857 1484 pro
1887 1409 2088 1480 pulcer
2122 1425 2180 1463 es
2214 1402 2316 1478 V).
2380 1408 2515 1480 pul-

350 1492 476 1548 cher
509 1491 827 1571 HauptiuS.
863 1523 950 1532 —-
987 1491 1109 1549 204
1147 1495 1304 1566 cupis
1340 1494 1497 1566 cupis
1524 1488 1578 1550 O
1617 1498 1677 1549 et
1709 1497 1859 1549 teste
1893 1491 2162 1549 Bonneto
2191 1489 2247 1550 G
2283 1508 2518 1568 quoque

348 1595 386 1634 a
419 1596 600 1635 manu
633 1579 839 1653 prima,
877 1575 1039 1654 quod
1072 1584 1204 1654 post
1227 1576 1652 1635 Baehrensium
1676 1574 1982 1634 Vahlenus
2009 1593 2242 1654 quoque
2276 1575 2516 1653 recepit.

353 1663 512 1737 cupis
550 1664 706 1736 capis
744 1661 803 1722 G
836 1680 873 1720 a
906 1681 1087 1719 manu
1124 1660 1383 1720 secunda
1418 1663 1713 1739 ceterique
1748 1660 1903 1733 libri,
1938 1660 2258 1737 Hauptius.

475 1745 661 1804 LXII
706 1745 786 1803 35
838 1747 997 1803 Eous
1049 1744 1425 1804 Schrader-us·
1512 1744 1666 1805 conf.
1723 1743 1920 1803 Cinna
1970 1743 2179 1820 fragm.
2228 1746 2284 1816 8,
2336 1764 2395 1822 p.
2434 1745 2514 1804 88

346 1831 419 1889 L.
455 1829 655 1890 Muell.
726 1850 941 1906 eospem
982 1831 1053 1888 T.
1126 1832 1339 1888 eosdem
1370 1830 1584 1909 reliqui
1628 1829 1780 1902 libri,
1826 1828 2262 1900 Lachmannus‚
2306 1830 2519 1908 Haup-

345 1917 483 1973 tius.
518 1945 603 1955 —
639 1915 717 1973 36
762 1916 908 1974 lubet
948 1923 1177 1975 veteres
1222 1915 1526 1974 editiones.
1615 1912 1768 1973 conf.
1804 1914 1926 1973 XV
1964 1916 2061 1970 11.
2149 1916 2366 1971 adlucet
2411 1935 2517 1992 pro

345 2010 411 2057 at
454 2001 599 2058 lubet
634 2000 706 2059 Τ.
792 2002 919 2058 libet
952 2000 1027 2073 V,
1075 2001 1274 2079 sicque
1315 2000 1633 2077 Hauptius.
1678 2030 1765 2039 —
1807 2000 1889 2055 42
1933 1998 2302 2076 parenthesis
2345 2000 2520 2074 signa

352 2085 567 2164 quibus
603 2084 1023 2144 Lachmannus
1061 2093 1119 2144 et
1151 2085 1454 2163 Hauptius
1491 2084 1648 2142 hunc
1685 2082 1948 2162 duosque
1981 2085 2355 2162 insequentes
2389 2102 2519 2144 ver-

346 2189 447 2228 sus
481 2189 519 2228 a
551 2169 781 2249 reliqua
815 2172 1078 2229 oratione
1120 2176 1543 2248 separaverunt
1573 2170 1816 2239 removi,
1862 2188 1980 2247 qua
2013 2169 2080 2226 in
2112 2185 2178 2226 re
2214 2187 2348 2226 cum
2384 2168 2517 2227 aliis

345 2256 600 2333 praeivit
624 2254 948 2315 Vahlenus.
1026 2253 1185 2312 idem
1230 2257 1295 2312 in
1328 2273 1386 2312 v.
1425 2253 1676 2312 53—55
1715 2251 1889 2312 cadit.
1924 2284 2011 2294 —-
2046 2253 2128 2310 64
2163 2255 2330 2310 tertia
2371 2273 2519 2329 pars

339 2341 520 2415 patri,
557 2360 708 2416 pars
751 2349 834 2397 est
876 2341 1015 2396 data
1058 2341 1223 2396 tertia
1265 2341 1434 2396 matri
1465 2337 1780 2397 Aventius.
1862 2340 2035 2395 tercia
2060 2357 2213 2413 pars
2240 2341 2405 2413 patri
2437 2347 2519 2396 est

347 2427 486 2482 data
520 2427 693 2482 tercia
725 2426 895 2481 matri
927 2422 998 2482 Ο.
1053 2426 1227 2481 tercia
1252 2443 1400 2499 pars
1427 2427 1592 2499 patri
1627 2425 1764 2481 data
1790 2443 1938 2498 pars
1975 2424 2113 2480 data
2149 2425 2323 2480 tercia
2350 2426 2523 2481 matri

349 2508 424 2569 Gr.
502 2511 669 2567 tertia
711 2512 903 2585 patris
945 2529 1095 2585 pars
1140 2509 1197 2568 Τ
1246 2510 1310 2567 in
1355 2511 1561 2569 ceteris
1606 2529 1740 2567 cum
1786 2506 1838 2566 Ο
1886 2509 2272 2566 consentiens.
2358 2507 2521 2567 unde

348 2598 514 2653 tertia
549 2614 698 2671 pars
734 2598 971 2672 patri-st,
1011 2615 1160 2672 pars
1203 2604 1285 2652 est
1320 2596 1377 2652 d.
1414 2606 1455 2652 t.
1493 2615 1564 2652 m.
1600 2595 1917 2672 HauptiuS.
1997 2602 2060 2652 at
2101 2594 2349 2653 verbum
2385 2595 2520 2653 sub-

349 2682 678 2740 stantivum
712 2681 776 2739 in
809 2683 1007 2759 priore
1039 2699 1242 2740 versus
1275 2688 1440 2760 parte
1476 2678 1926 2738 incommodum.

474 2764 696 2824 LXIII
739 2766 776 2824 5
832 2769 897 2824 ili
944 2776 1106 2824 acuto
1159 2768 1265 2824 sibi
1317 2766 1577 2841 pondera
1639 2767 1791 2821 silice
1849 2766 2058 2841 scripsi
2117 2765 2332 2841 partim
2385 2782 2520 2823 cum

347 2850 609 2927 Bergkio
655 2847 798 2924 (nisi
840 2849 998 2931 quod
1039 2851 1139 2910 hic
1172 2853 1267 2908 ilez‘
1299 2846 1530 2922 maluit)
1565 2851 1783 2927 partim
1827 2867 1960 2906 cum
1992 2846 2273 2906 Avantio.
2357 2850 2520 2905 iletas

348 2946 511 2994 acuto
546 2937 652 2993 sibi
676 2938 928 3012 pondere
962 2938 1146 2994 silices
1179 2935 1253 2994 V.
1334 2938 1405 2992 ile
1441 2954 1575 2992 cum
1609 2932 2013 3004 Lachmanno,
2051 2930 2266 2991 deinde
2302 2930 2376 2990 de
2412 2951 2522 2990 sua

348 3022 686 3080 coniectura
711 3040 767 3077 a.
796 3040 844 3078 s.
871 3023 1069 3079 rodere
1094 3023 1268 3079 silicis
1293 3019 1610 3096 HauptiuS.
1682 3016 1788 3076 sed
1819 3018 2110 3095 posterius
2146 3016 2257 3075 hoc
2292 3016 2519 3076 solutae

348 3107 605 3164 orationi
659 3106 848 3182 magis
900 3125 1078 3185 quam
1131 3106 1376 3163 carmini
1428 3104 1731 3175 convenit,
1785 3103 1863 3160 ile
1913 3108 2107 3161 autem
2151 3103 2265 3160 etsi
2309 3121 2414 3179 per
2457 3121 2521 3162 se

348 3187 558 3249 eodem
608 3187 782 3252 modo
835 3209 953 3268 quo
1013 3193 1213 3264 inquen
1265 3188 1340 3248 de
1391 3187 1685 3266 pudendis
1736 3186 1855 3245 dici
1903 3205 2076 3265 posse
2127 3186 2518 3259 concedimuS,

345 3282 546 3334 tamen
588 3293 874 3350 negamus
917 3273 983 3332 id
1017 3278 1102 3333 sic
1137 3274 1267 3333 fieri
1310 3291 1483 3352 posse
1515 3280 1582 3332 ut
1617 3275 1854 3351 propria
1887 3273 2053 3331 istius
2089 3274 2251 3331 vocis
2295 3272 2520 3348 signifi·

349 3361 503 3419 catio
534 3378 773 3437 prorsus
808 3358 1163 3418 obscuretur.
1233 3360 1297 3416 ili
1328 3357 1392 3433 (i.
1428 3377 1476 3417 e.
1513 3356 1620 3432 iziz)
1651 3359 1908 3432 pondera
1939 3359 2178 3433 egregie
2214 3358 2521 3415 confirma·

346 3452 445 3503 tur
493 3443 638 3503 locis
690 3443 959 3503 Petronii
1004 3445 1083 3501 92
1128 3449 1188 3503 et
1238 3442 1531 3501 Martialis
1572 3443 1699 3503 VII
1735 3442 1814 3500 35
1862 3443 1920 3514 4,
1975 3462 2122 3522 quos
2174 3445 2523 3520 conparavit

349 3529 694 3589 Schwabius
731 3549 864 3587 ann.
900 3527 1106 3607 philol.
1146 3527 1386 3588 CXVII
1422 3529 1561 3586 264.
1637 3527 1791 3586 conf.
1828 3530 2007 3585 etiam
2043 3524 2219 3586 Ovid.
2255 3524 2387 3584 fast.
2426 3525 2518 3585 IV

355 3615 474 3672 237
494 3633 589 3687 ss.,
636 3633 780 3694 quos
824 3632 1028 3673 versus
1073 3632 1207 3671 cum
1250 3613 1529 3672 scriberet
1561 3619 1752 3690 poeta,
1795 3610 1991 3669 locum
2025 3618 2287 3670 nostrum
2323 3613 2519 3668 animo

350 3702 478 3757 eius
513 3699 887 3758 obversatum
924 3717 1051 3758 esse
1083 3706 1243 3758 recte
1272 3696 1574 3757 contendit
1599 3697 1815 3755 Munro
1845 3699 1970 3754 crit.
1995 3697 2134 3753 141.
2189 3694 2262 3755 de
2291 3696 2520 3771 origine

351 3790 756 3844 monstruosae
790 3785 854 3842 in
881 3785 938 3844 V
966 3782 1331 3861 corruptelae
1365 3785 1528 3840 iletas
1563 3801 1685 3840 non
1720 3780 2107 3859 inprobabilis
2144 3788 2231 3839 est
2267 3781 2519 3858 suspicio

350 3868 551 3927 Ellisii
592 3872 659 3927 in
703 3868 839 3927 adn.
878 3871 1001 3927 crit.
1048 3867 1127 3926 ad
1160 3867 1217 3925 h.
1255 3867 1294 3926 l.
1331 3898 1415 3907 —-
1453 3868 1531 3924 18
1578 3886 1707 3923 aere
1753 3868 1935 3923 citatis
1978 3872 2148 3924 vetus
2184 3867 2523 3924 coniectura

350 3952 736 4013 Lachmanno
773 3954 1154 4033 Hauptioque
1186 3952 1450 4031 probata,
1487 3970 1666 4030 quam
1697 3951 1928 4023 retinui,
1978 3951 2087 4009 etsi
2122 3952 2362 4021 invituS,
2399 3970 2520 4009 non

349 4038 591 4117 quidem
625 4038 701 4097 ob
735 4040 994 4098 ionicum
1027 4058 1064 4098 a
1097 4039 1327 4110 minori,
1373 4054 1564 4116 quem„
1591 4038 1810 4094 iniuria
1843 4055 1880 4093 a
1922 4033 2260 4111 galliambis
2297 4035 2523 4096 Catulli

353 4122 682 4182 abiudicari
724 4142 951 4195 cense0,
1006 4121 1110 4184 sed
1154 4123 1292 4202 quia
1345 4120 1461 4181 duo
1512 4124 1615 4179 isti
1667 4120 1913 4179 ablativi
1964 4139 2210 4200 quorum
2254 4119 2403 4180 alter
2444 4139 2525 4179 ex

352 4207 535 4268 altero
569 4207 788 4287 pendet
821 4209 1058 4269 sublimi
1091 4228 1233 4268 sono
1268 4207 1444 4266 huius
1471 4207 1746 4276 carminis
1778 4224 1989 4285 parum
2024 4206 2339 4266 convenire
2372 4204 2529 4263 mihi
