3225 5171
772 418 857 484 48
1634 430 1971 488 CATULLI

626 569 738 625 250
770 554 1151 640 multiplices
1187 554 1399 618 animo
1434 554 1734 619 volvebat
1769 554 1984 618 saucia
2019 577 2224 620 curas.

774 660 841 713 at
874 660 1053 734 parte
1089 671 1169 713 ex
1207 649 1332 712 alia
1364 650 1594 713 florens
1631 648 1940 713 volitabat
1973 648 2243 714 Iacchus

773 766 922 808 cum
954 743 1158 806 thiaso
1194 754 1548 827 satyrorum
1586 754 1651 806 et
1684 742 2027 827 Nysigenis
2064 743 2299 820 sileniS,

772 847 837 903 te
872 859 1205 921 quaerens,
1242 836 1549 911 Ariadna,
1588 848 1825 920 tuoque
1861 837 2155 902 incensus
2192 860 2425 903 amore.

774 1046 939 1107 quae
975 1039 1110 1087 tum
1148 1024 1385 1087 alacres
1421 1023 1656 1107 passim
1693 1021 2022 1107 lymphata
2055 1035 2268 1090 mente
2304 1024 2604 1090 furebant

626 1133 740 1188 255
775 1118 978 1183 euhoe
1015 1116 1418 1193 bacchantes,
1456 1116 1660 1181 euhoe
1695 1107 1905 1200 capita
1940 1117 2349 1183 inflectentes.

772 1212 999 1275 harum
1032 1232 1180 1295 pars
1217 1219 1384 1275 tecta
1417 1210 1791 1293 quatiebant
1826 1211 2086 1295 cuspide
2123 1212 2392 1296 thyrsos,

774 1328 922 1390 pars
959 1328 994 1369 e
1031 1304 1273 1367 divolso
1309 1304 1633 1367 iactabant
1666 1304 1954 1368 membra
1986 1305 2277 1382 iuvencO,

773 1420 923 1484 pars
960 1420 1099 1462 sese
1134 1397 1313 1462 tortis
1350 1397 1748 1482 serpentibus
1784 1398 2213 1483 incingebant,

772 1514 921 1578 pars
956 1491 1230 1556 obscura
1263 1492 1435 1556 cavis
1473 1492 1882 1556 celebrabant
1915 1493 2096 1577 orgia
2130 1493 2322 1571 cistis,

626 1602 741 1656 260
775 1585 956 1671 orgia
991 1606 1155 1668 quae
1191 1584 1430 1650 frustra
1466 1585 1730 1669 cupiunt
1766 1585 1985 1651 audire
2019 1586 2290 1671 profani,

773 1679 1165 1764 plangebant
1200 1679 1361 1742 aliae
1396 1678 1675 1763 proceris
1712 1690 2014 1763 tympana
2048 1680 2275 1764 palmis

775 1784 887 1838 aut
921 1771 1102 1837 tereti
1138 1772 1347 1836 tenuis
1384 1772 1646 1835 tinnitus
1683 1795 1828 1837 aere
1865 1773 2137 1849 ciebant,

773 1866 1002 1931 multis⁴
1024 1867 1390 1930 raucisonos
1427 1866 1735 1930 efflabant
1769 1888 2006 1930 cornua
2039 1866 2307 1931 bombos

624 2005 631 2012 =
774 1960 1174 2042 barbaraque
1209 1958 1494 2023 horribili
1530 1959 1837 2024 stridebat
1872 1960 2026 2023 tibia
2062 1971 2272 2024 cantu·

627 2068 742 2124 265
774 2054 1009 2118 talibus
1044 2052 1358 2137 amplifice
1392 2052 1584 2117 vestis
1623 2053 1917 2117 decorata
1951 2053 2173 2138 figuris

774 2147 1069 2234 pulvinar
1104 2147 1413 2232 conplexa
1449 2168 1563 2210 suo
1599 2146 1854 2211 velabat
1889 2147 2145 2212 amictu.

775 2263 944 2325 quae
979 2252 1318 2327 postquam
1353 2241 1580 2327 cupide
1618 2242 1963 2325 spectando
1999 2242 2309 2307 Thessala
2341 2242 2545 2327 pubes

779 2331 1030 2420 expleta
1065 2344 1180 2411 est,
1218 2335 1450 2398 sanctis
1487 2334 1695 2419 coepit
1729 2336 2032 2399 decedere
2069 2336 2252 2399 divis.

777 2429 901 2505 hic,
939 2428 1144 2511 qualis
1179 2427 1334 2491 flatu
1368 2428 1689 2512 placidum
1726 2451 1899 2493 mare
1933 2430 2242 2493 matutino

630 2537 744 2595 270
777 2522 1146 2588 horrificans
1183 2521 1501 2607 zephyrus
1536 2522 1834 2607 proclivis
1870 2523 2089 2588 incitat
2123 2523 2326 2589 undas

780 2638 1008 2681 aurora
1042 2615 1364 2680 exoriente
1398 2617 1548 2701 vagi
1584 2616 1704 2680 sub
1740 2616 1959 2681 limina
1995 2618 2161 2693 solis,

779 2732 944 2794 quae
979 2710 1158 2774 tarde
1193 2710 1491 2820 Pssmmffi
1505 2710 1797 2801 qlenignti
1833 2711 2087 2776 flamine
2121 2712 2343 2797 pulsae

779 2804 1130 2890 procedunt
1144 2850 1149 2854 -
1165 2779 1698 2881 (lanssffidnssht
1713 2794 2037 2889 ”plangore
2074 2805 2408 2884 cachinni),

781 2909 926 2984 post
959 2915 1148 2962 vento
1185 2909 1504 2963 crescente
1539 2899 1744 2983 magis
1779 2899 1983 2983 magis
2018 2899 2490 2964 increbrescunt

634 3005 748 3059 275
780 3013 1227 3078 purpureaque
1262 2993 1482 3076 procul
1519 3003 1742 3057 nantes
1780 2993 1861 3056 ab
1896 2995 2037 3059 luce
2072 2994 2410 3079 refulgent,

784 3085 874 3150 sic
907 3098 1045 3149 tum
1080 3085 1374 3150 vestibuli
1408 3086 1767 3168 linquentes
1802 3087 1980 3172 regia
2014 3097 2179 3152 tecta
2227 3080 2248 3089 ⁵*

783 3178 868 3243 ad
903 3201 970 3243 se
1007 3178 1276 3262 quisque
1311 3201 1476 3263 vago
1513 3180 1750 3263 passim
1785 3182 1948 3265 pede
1986 3181 2412 3246 discedebant.

781 3294 1053 3356 quorum
1088 3284 1232 3357 post
1266 3272 1510 3337 abitum
1545 3273 1838 3359 princeps
1874 3298 1909 3340 e
1945 3275 2177 3340 vertice
2209 3276 2352 3340 Peli

781 3366 1039 3430 advenit
1074 3364 1316 3431 Chiron
1350 3377 1608 3451 portans
1644 3368 1951 3433 silvestria
1985 3370 2179 3433 dona:

631 3473 748 3528 280
780 3483 929 3524 nam
965 3481 1398 3543 quoscumque
1433 3460 1649 3525 ferunt
1683 3463 1912 3546 campi,
1949 3485 2109 3546 quos
2145 3462 2456 3528 Thessala
2491 3462 2745 3548 magnis

780 3553 1101 3618 montibus
1137 3575 1249 3618 ora
1283 3564 1474 3631 creat,
1511 3560 1698 3638 quos‘
1707 3566 1962 3640 propter
1995 3556 2272 3622 fluminis
2309 3558 2510 3622 undas

783 3670 939 3712 aura
973 3646 1139 3733 parit
1173 3648 1358 3712 flores
1397 3649 1592 3732 tepidi
1627 3649 1902 3714 fecunda
1937 3650 2171 3725 favoni,

778 3742 894 3806 hos
931 3741 1308 3805 indistinctis
1343 3741 1564 3826 plexos
1599 3743 1744 3809 tulit
1778 3744 1912 3828 ipse
1949 3744 2213 3820 corolliS,

779 3857 907 3918 quo
942 3835 1265 3920 permulsa
1300 3835 1524 3899 domus
1559 3836 1835 3902 iucundo
1871 3837 2008 3901 risit
2042 3838 2255 3902 odore.

629 3940 746 3995 285
782 3928 1112 3991 confestim
1149 3928 1386 3992 Penios
1423 3929 1621 4006 adest,
1658 3930 1994 3995 viridantia
2030 3931 2295 4016 Tempe,

778 4021 1042 4104 Tempe,
1079 4043 1243 4105 quae
1283 4023 1401 4087 silv
1445 4046 1480 4088 e
1517 4024 1782 4108 cingunt
1816 4046 2006 4109 super
2039 4025 2475 4110 inpendentes,

766 4115 1020 4179 naiasin
1056 4047 1961 4200 linquenswelebranda
1997 4120 2262 4196 choreis,

775 4230 902 4273 non
937 4230 1206 4274 vacuus:
1244 4231 1519 4296 namque
1553 4211 1659 4277 ille
1697 4212 1841 4275 tulit
1875 4212 2174 4278 radicitus
2212 4214 2370 4278 altas
