3225 5171
690 450 878 494 LXXVI
1554 451 2011 496 PROIAEGOMENA

692 573 834 630 vitis
886 590 924 629 a
963 569 1183 630 Lesbia
1232 572 1459 649 poetria
1499 571 1636 631 dici·
1671 592 1793 631 non
1842 573 2036 650 potuit
2076 591 2400 651 numquam
2443 574 2644 632 mitem
2686 592 2871 631 uvam

695 655 946 716 educare
997 664 1100 713 aut
1149 655 1329 715 nullis
1381 656 1658 733 agricolis
1709 663 1769 718 et
1818 659 2084 717 iuvencis
2131 657 2262 717 coli.
2334 665 2397 716 at
2439 656 2677 718 Catullo
2720 657 2874 716 haec

696 742 1057 801 conveniunt
1088 741 1335 800 Italicae
1367 744 1580 800 vitium
1618 741 1883 803 culturae
1916 745 2177 801 memori.
2246 762 2419 821 porro
2447 742 2599 800 illud
2633 761 2874 822 quoque

692 825 1001 905 probabile
1037 833 1126 885 est
1158 845 1407 886 novasse
1437 826 1739 887 Catullum
1775 827 1935 906 quod
1959 846 2017 885 v.
2048 828 2129 885 34
2148 847 2192 886 s.
2230 826 2305 886 de
2329 828 2600 907 Hespero
2636 827 2875 887 eodem·

695 930 811 991 que
845 911 972 970 Eoo
1007 910 1274 987 legimus.
1345 914 1456 971 etsi
1501 915 1660 971 enim
1706 911 2145 991 disceptabatur
2179 933 2216 971 a
2250 914 2549 971 veteribus
2585 913 2717 992 quis
2752 915 2874 990 pri-

693 1016 824 1055 mus
860 995 1373 1056 animadvertisset
1415 996 1735 1058 dixissetve
1769 998 2103 1076 Hesperum
2148 1005 2205 1057 et
2235 997 2580 1057 Luciferum
2616 996 2869 1056 eundem

695 1100 840 1155 esse,
876 1100 1048 1141 nemo
1085 1089 1284 1140 tamen
1318 1100 1510 1161 neque
1545 1081 1787 1160 Sappho
1821 1101 2016 1160 neque
2044 1101 2397 1162 quemquam
2431 1083 2543 1141 hac
2578 1085 2874 1162 antiquio·

692 1186 818 1226 rem
865 1169 990 1225 eius
1031 1170 1118 1225 rei
1163 1173 1460 1226 auctorem
1502 1166 1787 1240 laudavit,
1841 1167 1947 1228 sed
1988 1176 2092 1226 aut
2132 1167 2539 1246 Pythagoram
2579 1174 2686 1227 aut
2724 1169 2868 1227 Par-

693 1250 989 1312 menidem
1052 1259 1154 1309 aut
1212 1252 1466 1330 Ibycum
1525 1253 1837 1310 nominant
1888 1250 1967 1326 (v.
2022 1251 2186 1312 Stob.
2238 1252 2458 1311 anthol.
2510 1252 2562 1326 I,
2627 1273 2685 1331 p.
2745 1254 2870 1311 207

691 1336 996 1397 Wachsm.
1033 1336 1210 1412 Diog.
1246 1335 1442 1395 Laert.
1478 1336 1639 1397 VIII
1677 1340 1708 1395 1
1746 1340 1843 1395 14.
1879 1337 1977 1395 IX
2005 1339 2040 1395 3
2074 1338 2171 1395 23.
2206 1337 2373 1416 Ibyc.
2410 1337 2483 1397 fr.
2512 1339 2611 1395 42.
2642 1339 2724 1396 43
2752 1334 2868 1413 Β.).

694 1442 1068 1502 quamquam,
1107 1423 1157 1479 si
1192 1423 1324 1499 quis
1360 1440 1493 1479 cum
1519 1421 1975 1481 Wilamowitzio
2002 1423 2207 1480 Herm.
2234 1422 2473 1495 XVIII,
2503 1442 2560 1500 p.
2580 1424 2704 1480 417
2740 1424 2874 1482 veri

695 1507 946 1567 similius
993 1505 1171 1564 ducat
1214 1505 1456 1584 Sappho
1500 1508 1565 1565 in
1606 1507 1719 1565 hac
1770 1509 2286 1584 grammaticorum
2329 1509 2675 1586 quaestione
2728 1527 2873 1566 casu

693 1595 971 1653 omissam
1005 1609 1147 1664 esse,
1184 1610 1306 1649 non
1333 1589 1509 1650 facile
1534 1594 1750 1669 poterit
1774 1591 2070 1668 redargui.
2122 1594 2302 1651 etiam
2326 1593 2392 1651 in
2421 1613 2468 1652 c.
2499 1591 2670 1665 LXI,
2707 1591 2872 1671 quod

697 1677 775 1737 ad
792 1676 1006 1736 Manlii
1023 1675 1315 1754 Torquati
1333 1695 1467 1734 cum
1483 1676 1670 1736 Vinia
1685 1677 2093 1736 Aurunculeia
2110 1679 2349 1755 nuptias
2374 1679 2645 1755 pertinet,
2666 1679 2870 1736 nescio

695 1783 772 1822 an
808 1769 985 1841 poeta
1020 1759 1284 1837 singulas
1319 1760 1604 1839 quasdam
1642 1763 1963 1822 sententias
1998 1781 2075 1821 ex
2108 1761 2361 1822 Lesbiae
2393 1764 2548 1820 vatis
2583 1761 2872 1840 epithala-

694 1849 828 1906 miis
874 1847 1147 1905 hauserit.
1220 1845 1379 1925 quod
1421 1856 1487 1904 ut
1532 1846 1768 1906 credam
1809 1849 1874 1906 in
1908 1849 2115 1925 primis
2148 1867 2271 1906 non
2304 1846 2458 1905 nulli
2488 1847 2606 1906 loci
2639 1846 2872 1906 faciunt

693 1933 953 1992 Himerii
988 1931 1282 2010 sophistae
1324 1933 1390 1989 in
1433 1930 1860 1991 declamatione
1904 1934 2110 2010 prima.
2183 1937 2337 2011 quae
2370 1939 2571 1991 tamen
2604 1951 2697 1992 res
2734 1951 2871 1992 cum

694 2019 1025 2095 longiorem
1094 2015 1555 2094 disputationem
1622 2018 1899 2096 requirat,
1971 2017 2150 2076 verbo
2214 2019 2606 2095 suspicionem
2674 2035 2870 2077 meam

696 2103 1057 2180 significasse
1085 2104 1225 2161 satis
1252 2101 1458 2160 habeo,
1512 2120 1706 2181 neque
1735 2103 1799 2160 in
1830 2101 1962 2160 aliis
1983 2100 2205 2162 Catulli
2231 2102 2591 2161 carminibus
2617 2101 2870 2180 Sapphi-

695 2209 799 2248 cae
834 2188 1180 2246 imitationis
1213 2188 1467 2263 vestigia
1500 2186 1777 2245 videntur
1812 2186 2028 2247 deesse.
2100 2189 2183 2246 sic
2219 2207 2352 2246 cum
2387 2207 2435 2245 c.
2469 2187 2747 2246 LXVIII
2785 2189 2868 2246 18

695 2284 754 2333 et
802 2272 1011 2331 LXIV
1055 2272 1133 2329 95
1188 2279 1323 2349 apte
1375 2280 1812 2349 conposuerunt
1869 2274 2217 2351 interpretes
2281 2271 2430 2330 illud
2480 2266 2869 2349 γλυκύπικρον

695 2351 943 2435 ὅρπετον
972 2354 1217 2434 (Sapph.
1239 2356 1308 2415 fr.
1331 2357 1430 2414 40.
1452 2356 1604 2415 conf.
1629 2353 1795 2431 125).
1849 2359 2177 2416 sententiae
2212 2359 2276 2416 in
2306 2359 2564 2415 carmine
2580 2357 2869 2416 LXXIII

695 2450 956 2502 extremo
993 2441 1184 2500 elatae
1217 2460 1437 2540 magna
1463 2449 1552 2499 est
1585 2440 1909 2500 similitudo
1938 2462 2072 2501 cum
2099 2441 2372 2520 Sapphus
2399 2441 2597 2501 verbis
2632 2433 2871 2508 ὄττινας

696 2520 807 2607 γὰρ
853 2517 939 2584 Εὖ
984 2520 1122 2596 θεᾝω
1181 2521 1352 2602 κῆνοί
1391 2546 1462 2600 με
1513 2519 1769 2601 μάλιστα
1824 2523 2138 2584 σίννονΤαι
2182 2525 2276 2602 (fr.
2317 2526 2440 2605 12),
2502 2545 2655 2607 quae
2704 2546 2869 2585 nunc

695 2612 1218 2673 animadvertimus
1263 2614 1383 2669 iam
1427 2610 1501 2670 ab
1537 2610 1749 2670 Ellisio
1786 2611 2013 2670 adscita
2056 2631 2196 2673 esse.
2268 2612 2532 2672 indidem
2564 2611 2869 2691 peculiare

694 2697 993 2779 quoddam
1052 2698 1488 2775 conparationis
1547 2715 1736 2772 genus
1798 2696 1991 2756 videri
2048 2698 2232 2776 possit
2282 2696 2667 2775 repetendum
2717 2715 2865 2756 esse.

695 2781 1212 2882 quemadmodum
1234 2783 1394 2840 enim
1438 2781 1679 2882 Sappho
1724 2781 1879 2840 dixit
1924 2772 2142 2856 ανδρος
2183 2777 2415 2860 μεγάλω
2464 2776 2614 2840 πόλυ
2659 2776 2866 2857 μείζων

697 2867 791 2943 (fr.
841 2865 948 2943 91)
1000 2874 1061 2927 et
1109 2886 1297 2943 χρυσω
1348 2862 1666 2943 χρυσοτέρα
1716 2866 1812 2943 (fr.
1861 2865 2206 2944 122.123),
2261 2870 2347 2925 sic
2397 2866 2551 2934 dixit
2591 2866 2867 2927 Catullus

696 2958 965 3013 saviolum
1000 2955 1151 3010 dulci
1192 2954 1409 3009 dulcius
1453 2953 1733 3010 ambrosia
1768 2948 2009 3027 (XCIX
2044 2948 2107 3026 2)
2144 2960 2205 3011 et
2236 2952 2301 3010 id
2336 2972 2524 3029 genus
2558 2951 2692 3011 alia.
2763 2971 2865 3012 ve-

693 3059 826 3098 rum
869 3039 1019 3098 haec
1059 3037 1218 3096 infra
1260 3036 1570 3114 adparebit
1622 3038 1865 3115 propius
1910 3039 2089 3096 etiam
2132 3036 2210 3095 ad
2251 3056 2472 3097 morem
2514 3037 2864 3096 Plautinum

698 3123 992 3183 accedere.
1077 3129 1312 3201 praeter
1363 3122 1602 3199 Sappho
1657 3121 1731 3181 de
1783 3121 2210 3200 antiquioribus
2264 3121 2624 3183 Graecorum
2672 3124 2868 3200 poetis

695 3210 900 3288 lyricis
927 3209 1104 3266 etiam
1126 3204 1564 3265 Anacreontem
1589 3207 1860 3286 exemplo
1888 3206 2069 3266 fuisse
2097 3206 2331 3265 Catullo
2358 3207 2632 3286 strophae
2657 3209 2865 3266 carmi-

697 3313 842 3353 num
885 3292 1168 3351 XXXIV
1211 3299 1270 3350 et
1300 3290 1451 3349 LXI
1484 3290 1763 3350 videntur
1810 3291 2060 3368 probare
2110 3310 2186 3351 ex
2235 3292 2503 3352 versibus
2554 3292 2869 3371 glyconeis

697 3378 1052 3456 conpositae.
1115 3383 1175 3435 et
1198 3377 1261 3434 in
1287 3377 1481 3452 priore
1507 3376 1747 3455 quidem
1774 3378 2032 3436 carmine
2059 3379 2330 3455 quaterni
2353 3396 2575 3451 versus,
2612 3397 2864 3457 quorum

696 3470 993 3523 extremus
1046 3468 1136 3521 est
1185 3460 1577 3534 catalecticus,
1630 3479 1737 3539 per
1786 3461 2139 3541 synaphiam
2192 3465 2332 3522 nexi
2374 3469 2527 3534 sunt,
2585 3471 2653 3520 ut
2686 3462 2866 3540 ‘apud

695 3547 1133 3607 Anacreontem
1173 3545 1244 3604 fr.
1282 3547 1338 3603 4.
1378 3547 1431 3603 6.
1471 3547 1526 3604 8.
1567 3547 1647 3603 14
1681 3546 1751 3605 Β.
1795 3548 1861 3604 in
1906 3546 2089 3606 altero
2132 3556 2329 3607 autem
2382 3548 2642 3608 carmine
2692 3550 2863 3626 quini

694 3653 916 3705 versus,
953 3652 1202 3712 quorum
1234 3632 1475 3711 quintus
1503 3638 1591 3690 est
1618 3630 2007 3705 catalecticus,
2042 3634 2108 3691 in
2141 3632 2410 3712 strophas
2444 3635 2529 3691 ita
2564 3635 2865 3692 coniuncti

696 3727 836 3779 sunt
875 3726 945 3776 ut
984 3735 1375 3796 unaquaeque
1417 3716 1657 3795 stropha
1693 3715 1914 3794 duplici
1950 3724 2267 3795 systemate
2308 3720 2486 3775 trium
2521 3725 2580 3778 et
2613 3717 2865 3778 duorum

694 3823 972 3864 versuum
1025 3810 1266 3862 constet.
1353 3821 1493 3860 nam
1552 3803 1707 3861 inter
1768 3804 2001 3861 tertium
2062 3810 2122 3861 et
2172 3810 2446 3881 quartum
2506 3801 2864 3881 glyconeum

695 3888 988 3968 synaphia
1029 3889 1261 3965 saepius
1303 3888 1633 3965 interrupta
1671 3893 1763 3946 est
1804 3886 2076 3946 admissis
2119 3886 2286 3946 hiatu
2321 3887 2668 3966 syllabaque
2702 3890 2868 3947 anci-

694 3976 820 4052 piti.
891 3972 956 4030 id
996 3979 1365 4050 perspectum
1400 3970 1657 4030 habebat
1688 3971 2123 4044 LachmannuS‚
2174 3992 2307 4031 cum
2341 3972 2563 4031 Catulli
2599 3975 2869 4033 carmina

697 4058 896 4117 ederet
930 4053 1108 4132 (conf.
1137 4058 1266 4116 eius
1302 4076 1498 4135 opusc.
1526 4057 1595 4115 Π
1623 4054 1746 4133 88),
1784 4075 1976 4135 neque
2008 4057 2310 4136 Hauptius
2344 4078 2465 4116 non
2500 4056 2577 4115 ad
2612 4057 2864 4118 eandem

696 4144 1047 4219 sententiam
1092 4142 1234 4200 olim
1277 4141 1566 4201 abiectam
1618 4149 1823 4218 postea
1864 4141 2042 4201 rediit
2084 4138 2260 4214 (conf.
2298 4161 2493 4220 opusc.
2529 4143 2563 4201 I
2601 4144 2678 4200 19
2726 4163 2863 4202 cum

692 4226 956 4288 adnotat.
995 4224 1277 4305 editoris).
1333 4245 1442 4287 nec
1477 4245 1700 4286 errasse
1732 4234 2006 4305 putamus
2034 4225 2499 4303 Lachmannum‚
2538 4248 2670 4287 cum
2705 4227 2869 4289 hanc
