3225 5171
1188 499 1644 544 PROLEGOMENA
2340 500 2513 542 XCVII

310 621 639 690 ¹volumina
666 620 912 698 adparet
935 622 999 678 in
1024 639 1211 678 unum
1239 619 1501 678 codicem
1530 638 1723 699 neque
1750 638 1885 679 eum
1909 618 2279 698 peramplum
2302 619 2511 680 referri

323 709 608 786 potuisse.
680 725 856 786 quem
891 704 1156 763 laborem
1190 706 1292 785 qui
1337 707 1608 784 suscepit,
1664 707 1714 763 is
1757 725 1877 764 non
1922 705 2184 780 singulos
2229 704 2509 784 deinceps

326 791 566 855 ,libellos
596 792 980 869 transcripsit,
1013 789 1116 849 sed
1143 809 1361 855 novam
1380 788 1842 849 ordinandorum
1862 793 2189 849 carminum
2216 793 2509 849 rationem

325 880 699 937 extrinsecus
735 879 981 954 petitam
1014 877 1167 932 iniit.
1229 877 1509 933 nimirum
1543 876 1839 954 poematia
1871 874 2061 953 lyrica
2094 876 2273 933 variis
2309 878 2510 934 metris

331 961 574 1022 condita
606 964 798 1040 primo
826 961 954 1019 loco
980 963 1180 1038 posuit
1213 961 1297 1018 ita
1330 967 1396 1019 ut
1421 963 1577 1019 inter
1602 958 2129 1037 hendecasyllabos
2153 959 2509 1038 phalaeci08‚

328 1067 522 1124 genus
571 1046 752 1123 longe
803 1045 1358 1124 frequentissimum,
1420 1045 1518 1104 hic
1568 1044 1694 1104 illic
1734 1045 2037 1119 iambicos,
2089 1044 2509 1123 asclepiadeOS‚

333 1132 664 1212 sapphicOS,
711 1130 1049 1209 glyconeos,
1094 1134 1369 1209 priapeos
1411 1149 1617 1188 versus
1660 1132 2009 1203 intericeret,
2060 1134 2323 1189 carmina
2365 1149 2508 1189 vero

330 1220 558 1276 maiora
601 1219 666 1275 in
709 1215 904 1275 medio
941 1215 1273 1275 conlocavit
1307 1222 1366 1274 et
1411 1214 1632 1292 elegias
1668 1214 1924 1293 quidem,
1972 1217 2035 1273 in
2079 1216 2293 1294 quibus
2339 1217 2511 1274 metri

335 1321 517 1361 causa
568 1303 745 1361 etiam
795 1303 1036 1358 ianuam
1089 1303 1439 1371 numeravit,
1502 1307 1634 1379 post
1684 1299 1913 1378 reliqua
1965 1302 2267 1359 constituit
2325 1319 2512 1379 eoque

330 1385 511 1445 modo
563 1389 879 1444 transitum
932 1386 1048 1444 sibi
1101 1383 1177 1443 ad
1219 1393 1575 1463 postremam
1628 1393 1857 1464 partem
1906 1389 2158 1465 paravit,
2214 1388 2279 1444 in
2330 1405 2512 1464 quam

330 1475 539 1531 omnia
574 1473 803 1529 minora
848 1473 1109 1528 carmina
1145 1470 1353 1529 eodem
1397 1478 1581 1529 metro
1630 1470 1893 1546 elegiaco
1930 1471 2235 1548 conposita
2270 1472 2508 1549 recepit.

334 1555 494 1636 quod
546 1555 785 1634 quidem
842 1554 1018 1614 facile
1067 1553 1435 1631 intellegitur
1484 1575 1606 1614 non
1659 1559 1918 1633 potuisse
1962 1558 2081 1614 nisi
2126 1559 2211 1614 sic
2263 1555 2396 1614 fieri
2445 1563 2513 1614 ut

329 1640 507 1700 modo
544 1659 621 1699 ex
654 1640 767 1699 hoc
811 1638 983 1699 modo
1021 1657 1097 1698 ex
1143 1638 1246 1699 illo
1292 1638 1593 1698 volumine
1628 1639 1890 1699 hauriret
1923 1643 2353 1720 pristinumque
2389 1660 2511 1699 car-

333 1730 562 1784 minum
598 1724 865 1784 ordinem
899 1723 1067 1783 nulla
1092 1743 1287 1784 rerum
1312 1733 1760 1802 temporumque
1789 1729 2018 1795 ratione
2043 1725 2249 1785 habita
2277 1725 2511 1785 tolleret

335 1819 394 1870 et
427 1813 514 1868 ita
549 1809 851 1869 confusam
895 1812 1071 1867 istam
1117 1812 1455 1885 congeriem
1499 1818 1738 1881 crearet,
1783 1814 1849 1868 in
1890 1829 2012 1888 qua
2052 1809 2230 1869 hodie
2265 1810 2511 1870 offendi-

334 1914 491 1969 mus3
548 1898 644 1953 cui
694 1914 841 1974 quos
892 1896 1064 1954 initio
1117 1896 1295 1953 unius
1347 1894 1666 1953 voluminis
1710 1897 2020 1953 invenerat
2068 1895 2387 1955 versiculos
2432 1894 2512 1954 ad

335 1978 680 2045 Cornelium
715 1983 962 2058 scriptos
997 1988 1302 2059 tamquam
1338 1986 1539 2057 aptam
1572 1982 1753 2038 totius
1789 1981 2049 2056 corporis
2082 1979 2510 2056 praefationem

331 2068 687 2143 praeposuit.
760 2065 901 2123 hinc
937 2064 1225 2141 explicari
1260 2071 1531 2142 putamus
1576 2063 1737 2141 quod
1772 2065 2035 2122 carmina
2069 2063 2143 2123 ob
2181 2083 2387 2122 causas
2421 2068 2509 2123 in·

329 2157 588 2209 trorsum
641 2153 784 2208 sitas
835 2147 1159 2225 iungenda,
1215 2166 1367 2226 quae
1408 2150 1683 2225 primitus
1728 2146 1888 2206 haud
1933 2147 2112 2207 dubie
2154 2169 2275 2207 non
2319 2149 2509 2225 solum

330 2233 540 2294 eodem
585 2237 650 2293 in
697 2233 900 2293 libello
934 2232 1302 2310 legebantur,
1349 2232 1454 2290 sed
1501 2235 1681 2291 etiam
1712 2235 1884 2291 iuxta
1925 2237 2119 2311 posita
2162 2241 2265 2292 aut
2306 2237 2511 2294 vicina

331 2326 518 2393 erant,
566 2320 630 2376 in
662 2318 814 2376 libro
849 2317 926 2376 ad
969 2327 1228 2376 nostram
1264 2323 1518 2376 aetatem
1561 2325 1887 2397 propagato
1925 2317 2046 2376 alia
2078 2339 2295 2396 magno
2330 2321 2510 2379 inter-

303 2403 493 2462 .vallo
531 2423 568 2461 a
600 2421 663 2461 se
700 2401 938 2475 distant,
985 2401 1105 2461 alia
1149 2401 1399 2479 singulis
1441 2410 1673 2461 tantum
1708 2402 1929 2463 diversi
1963 2407 2198 2480 generis
2236 2407 2510 2475 carmini·

328 2489 442 2549 bus
488 2495 757 2568 separata
812 2495 966 2561 sunt,
1021 2487 1142 2545 alia
1186 2489 1464 2547 continuo
1516 2506 1645 2547 sese
1690 2490 2009 2567 excipiunt.
2080 2496 2259 2568 atque
2304 2491 2370 2547 in
2415 2490 2508 2549 his

306 2572 572 2655 quidem
616 2575 872 2650 vestigia
915 2571 1139 2633 ordinis
1183 2573 1257 2633 ab
1301 2575 1431 2653 ipso
1475 2581 1652 2653 poeta
1685 2577 1811 2634 sive
1844 2574 1921 2634 ab
1956 2575 2161 2634 amicis
2194 2596 2342 2654 quos
2374 2583 2510 2654 post

328 2664 459 2720 eius
511 2666 757 2719 mortem
809 2658 1037 2719 inedita
1091 2658 1449 2738 disposuisse
1504 2661 1860 2718 coniecimus
1910 2662 2168 2719 instituti
2213 2667 2317 2718 aut
2367 2680 2507 2719 vere

332 2763 610 2824 expressa
643 2752 747 2803 aut
779 2744 989 2810 leviter
1018 2744 1262 2812 turbata
1297 2744 1729 2821 adgnoscimua
1786 2746 1872 2803 sic
1898 2747 2095 2802 statim
2127 2753 2263 2823 post
2289 2748 2507 2823 epistu-

329 2830 451 2889 lam
477 2829 555 2888 ad
573 2830 865 2909 Nepotem
889 2832 1006 2888 tria
1040 2832 1232 2908 prima
1260 2831 1525 2888 carmina
1549 2831 1806 2907 passeris
1833 2836 2124 2900 secuntur,
2160 2849 2300 2888 nam
2328 2832 2506 2889 etiam

308 2914 604 2978 *mutilum
629 2915 695 2973 id
730 2918 1088 2993 poematium
1115 2912 1276 2993 quod
1309 2932 1555 2973 numero
1582 2914 1689 2971 11³
1722 2914 2088 2989 signavimus
2113 2915 2221 2972 vix
2245 2914 2505 2973 dubitari

310 3007 526 3079 potest
567 3002 714 3077 quin
766 2998 844 3057 ad
890 3002 1065 3057 initia
1116 3001 1332 3057 amoris
1378 2998 1632 3057 Lesbiae
1681 3000 2031 3075 pertinuerit
2082 2994 2259 3072 (conf.
2307 2998 2502 3059 adnot.

302 3080 504 3155 .crit.).
557 3081 772 3141 deinde
808 3087 1072 3141 carmina
1104 3083 1204 3141 IX
1238 3090 1297 3142 et
1330 3083 1394 3140 X
1428 3081 1591 3140 haud
1625 3082 1876 3141 multum
1911 3078 2085 3141 ambo
2119 3092 2255 3162 post
2280 3083 2504 3143 Catulli

302 3188 410 3234 *ex
439 3166 728 3245 Bithynia
753 3166 1003 3227 reditum
1033 3170 1254 3245 scripta
1279 3166 1430 3224 nihil
1461 3166 1694 3246 inpedit
1719 3187 1835 3246 quo
1862 3171 2058 3227 minus
2094 3171 2161 3227 in
2195 3169 2397 3229 libello
2426 3170 2506 3229 ad

328 3252 677 3314 Cornelium
721 3254 898 3310 misso
943 3255 1226 3310 continua
1268 3251 1446 3311 fuisse
1491 3260 1836 3311 statuamus.
1909 3272 2101 3333 neque
2144 3258 2323 3325 enim,
2369 3276 2502 3314 cum

304 3345 568 3417 -poetam
620 3355 772 3416 quae
823 3334 901 3393 ad
950 3338 1138 3414 ipsius
1188 3338 1374 3395 vitam
1427 3345 1760 3416 spectarent
1804 3337 1999 3396 divisa
2040 3340 2400 3417 temporibus
2445 3348 2505 3400 et

323 3426 482 3483 serie
517 3440 712 3481 rerum
748 3420 978 3497 digesta
1013 3424 1388 3498 conposuisse
1433 3421 1861 3496 contendimus,
1909 3422 2088 3482 simul
2131 3433 2337 3499 gratae
2382 3429 2503 3484 cui-

300 3507 470 3566 -dam
504 3509 781 3566 varietati
816 3526 950 3566 eum
986 3505 1278 3566 studuisse
1311 3525 1612 3584 negamus.
1681 3528 1854 3586 porro
1884 3512 2146 3566 carmina
2168 3509 2504 3569 LII--LV

328 3592 524 3651 eidem
560 3592 761 3650 omnia
796 3611 953 3650 anno
986 3593 1021 3647 7
1025 3586 1215 3668 00s54
1242 3592 1618 3651 attribuenda
1651 3611 1777 3652 esse
1810 3592 2086 3664 vidimus,
2124 3601 2377 3672 suntque
2414 3612 2499 3667 ea,

327 3679 385 3735 si
421 3676 494 3735 ab
532 3676 739 3735 ultimo
764 3679 1091 3749 recesseriS,
1120 3675 1376 3755 quodam
1411 3695 1645 3756 quoque
1673 3680 2041 3753 cognationis
2077 3678 2314 3736 vinculo
2349 3680 2503 3737 inter

296 3817 301 3820 ,
331 3778 398 3822 se
441 3765 770 3820 coniuncta.
841 3762 1241 3841 frequentiora
1285 3765 1462 3821 etiam
1506 3761 1781 3840 exempla
1813 3766 1878 3820 in
1912 3770 2206 3840 postrema
2241 3767 2500 3840 corporis

330 3854 502 3925 parte
557 3846 1065 3926 deprehendimuS‚
1122 3865 1274 3925 quae
1331 3849 1529 3905 omnia
1571 3848 1865 3924 poematia
1911 3846 2178 3906 distichis
2220 3846 2499 3923 elegiacis

331 3931 494 3990 facta
529 3935 804 3992 continet.
861 3930 1114 3991 conferri
1145 3933 1211 3989 in
1245 3950 1376 3990 eam
1409 3950 1533 3991 rem
1576 3930 1847 3990 iubemus
1877 3934 2137 3990 carmina
2163 3932 2496 3992 LXXII-

332 4016 656 4077 LXXVII.
728 4017 1007 4076 LXXIX
1042 4023 1100 4076 et
1141 4016 1401 4075 LXXX.
1471 4015 2126 4077 LXXXVIII—XCI.
2186 4016 2407 4077 XCIII
2441 4026 2501 4077 et

333 4100 563 4161 XCIV.
605 4102 779 4162 XCV
809 4110 868 4162 et
900 4100 1074 4162 XCV
1101 4106 1142 4159 ⁸.
1198 4100 1313 4161 CX
1345 4108 1406 4160 et
1440 4100 1604 4161 CXI.
1660 4100 1865 4161 CXIV
1889 4109 1948 4161 et
1982 4100 2170 4161 CXV.
2221 4105 2340 4162 iam
2367 4107 2500 4184 quis

296 4231 303 4236 -
330 4187 437 4247 ille
473 4186 652 4245 fuerit
686 4190 789 4266 qui
826 4190 1088 4247 carmina
1115 4185 1454 4246 Catulliana
1486 4190 1553 4244 in
1588 4206 1797 4266 corpus
1824 4184 1981 4265 quod
2015 4194 2177 4247 extat
2208 4188 2503 4265 redigeret

330 4280 442 4331 aut
490 4291 607 4351 quo
649 4279 910 4351 tempore
946 4280 1005 4332 et
1046 4272 1152 4331 ubi
1194 4275 1412 4338 vixerit
1446 4271 1757 4332 obscurum
1792 4279 1881 4333 est
1921 4272 2176 4354 quidem,
2224 4274 2326 4334 sed
2370 4292 2507 4348 sera

441 4367 629 4409 Catullus
2124 4371 2166 4413 Ge
