3225 5171
1225 491 1459 547 LIBER
2274 475 2358 540 53

399 624 474 679 ut
509 613 737 679 cedant
773 614 958 680 certis
996 614 1203 681 sidera
1238 614 1652 699 temporibus,

312 716 386 772 ut
420 708 706 773 Triviam
740 707 959 772 furtim
996 708 1117 773 sub
1152 707 1412 773 Latmia
1448 731 1603 773 saxa
1637 707 1932 792 relegans
2370 650 2747 808 ψ

403 801 605 867 dulcis
642 823 819 866 amor
851 824 1012 887 gyro
1050 799 1317 868 devocet
1349 803 1542 878 aeri0,
1570 797 1574 800 ’

311 895 487 960 idem·
519 918 621 960 me
656 895 762 960 ille
800 893 1028 960 Conon
1067 895 1321 960 caelesti
1356 895 1423 959 in
1457 893 1697 961 lumine
1732 891 1891 958 vidit

402 1011 437 1053 e
472 989 822 1054 Bereniceo
858 990 1093 1055 vertice
1130 990 1474 1054 caesariem

311 1082 665 1167 fulgentem
709 1084 899 1159 clare,
933 1106 1127 1168 quam
1161 1083 1405 1149 cunctis
1442 1083 1550 1149 illa
1587 1083 1853 1147 deorum
2392 1139 2398 1146 .

398 1175 565 1241 levia
599 1177 978 1262 protendens
1014 1177 1311 1243 bracchia
1346 1178 1704 1263 pollicitast,
2394 1186 2463 1240 10

313 1290 443 1353 qua
476 1292 586 1335 rex
620 1281 993 1356 tempestate
1028 1294 1196 1336 novo
1233 1283 1457 1336 auctus
1493 1272 1847 1356 hymenaeo

398 1374 717 1429 vastatum
751 1365 893 1429 finis
927 1366 1128 1430 iverat
1166 1366 1486 1450 Assyrios,

315 1457 527 1522 dulcia
569 1468 914 1524 nocturnae
949 1470 1209 1544 portans
1245 1460 1513 1545 vestigia
1547 1460 1745 1535 rixae,

399 1572 592 1634 quam
630 1553 710 1617 de
746 1553 1044 1638 virgineis
1081 1563 1365 1638 gesserat
1399 1553 1668 1664 0³1qu

314 1654 492 1709 estne
526 1646 705 1711 novis
740 1647 956 1731 nuptis
992 1645 1136 1710 odio
1172 1629 1455 1755 Venus<
1476 1631 2010 1731 &ho-*pareutum
2391 1653 2461 1708 15

397 1737 782 1803 frustrantur
817 1740 995 1804 falsis
1029 1740 1266 1825 gaudia
1299 1740 1666 1814 lacrimulis,

311 1832 586 1896 ubertim
624 1833 885 1898 thalami
921 1855 1081 1916 quas
1115 1834 1281 1898 intra
1313 1834 1533 1898 limina
1565 1833 1880 1897 fundunt?

398 1931 548 2002 non,
581 1926 670 1991 ita
703 1950 805 1992 me
842 1927 992 2003 divi,
1028 1950 1179 1993 vera
1212 1937 1501 2013 gemunt,
1534 1928 1788 1992 inerint.

311 2019 379 2084 id
414 2042 559 2085 mea
590 2043 693 2086 me
727 2022 942 2085 multis
980 2021 1195 2086 docuit
1226 2022 1449 2107 regina
1483 2021 1779 2104 querellis

396 2113 704 2180 invisente
738 2137 906 2179 novo
942 2116 1183 2200 proelia
1217 2125 1399 2179 torva
1432 2116 1586 2198 viro,
2388 2119 2459 2174 20

313 2216 381 2271 at
413 2217 484 2271 tu
519 2230 648 2272 non
685 2209 909 2272 orbum
945 2208 1104 2273 luxti
1143 2210 1392 2273 deserta
1427 2208 1658 2285 cubile,

397 2300 512 2367 sed
545 2302 758 2367 fratris
793 2301 922 2366 cari
957 2301 1167 2367 flebile
1203 2302 1574 2366 discidium?

312 2417 508 2480 quam
541 2396 795 2482 penitus
830 2406 1102 2460 maestas
1138 2396 1348 2461 exedit
1385 2419 1537 2461 cura
1572 2393 1911 2459 medullas!

398 2500 469 2555 ut
502 2488 618 2555 tibi
652 2499 803 2554 tunc
839 2500 970 2554 toto
1006 2501 1259 2575 pectore
1295 2490 1595 2555 sollicitae

313 2584 603 2651 sensibus
640 2583 871 2670 ereptis
905 2607 1085 2650 mens
1122 2583 1381 2650 excidit!
1435 2595 1500 2649 at
1535 2595 1598 2649 te
1634 2605 1755 2668 ego
1792 2593 1958 2648 certe
2384 2606 2455 2661 25

399 2700 739 2764 cognoram
773 2701 813 2743 a
847 2701 1046 2763 parva
1077 2679 1324 2763 virgine
1358 2678 1849 2764 magnanimam.

313 2796 478 2838 anne
515 2774 756 2838 bonum
791 2772 991 2837 oblita
1024 2795 1092 2837 es
1126 2773 1397 2850 facinus,
1433 2794 1560 2856 quo
1596 2773 1846 2855 regium
1881 2771 2168 2856 adepta's'
2273 2824 2278 2829 .

399 2867 783 2953 coniugium,
820 2887 948 2948 quo
985 2887 1111 2930 non
1146 2866 1370 2931 fortius
1407 2867 1572 2930 ausit
1608 2865 1763 2929 alis?

312 2960 427 3027 sed
462 2970 597 3023 tum
632 2969 874 3023 maesta
906 2961 1113 3024 virum
1149 2961 1402 3025 mittens
1438 2981 1603 3042 quae
1640 2959 1835 3023 verba
1869 2958 2160 3023 locuta's!

395 3053 701 3138 Iuppiter,
736 3061 811 3116 ut
845 3053 1004 3116 tristi
1038 3053 1279 3118 lumina
1313 3075 1502 3137 saepe
1537 3051 1761 3116 manu!
2384 3073 2454 3129 30

313 3147 455 3232 quis
490 3157 552 3212 te
585 3145 855 3210 mutavit
889 3156 1100 3210 tantus
1137 3146 1332 3210 deus?
1367 3140 1658 3229 an'quod
1693 3155 1977 3210 amantes

395 3262 525 3306 non
560 3239 753 3323 longe
785 3261 825 3302 a
862 3260 1008 3303 caro
1045 3260 1305 3324 corpore
1341 3239 1562 3304 abesse
1597 3240 1855 3303 volunt?

311 3345 502 3418 atque
537 3333 627 3398 ibi
661 3355 764 3397 me
800 3333 1041 3397 cunctis
1077 3355 1192 3418 pro
1229 3332 1397 3398 dulci
1435 3332 1703 3416 coniuge
1739 3332 1900 3398 divis

393 3449 521 3501 non
559 3426 693 3491 sine
729 3426 985 3490 taurino¹
1010 3427 1319 3510 sanguine
1353 3427 1703 3511 pollicita’s,
1928 3485 1935 3492 .

310 3522 363 3587 si
398 3521 671 3586 reditum
708 3520 1036 3586 tetulisset.
1123 3521 1177 3585 is
1214 3520 1367 3585 haut
1400 3522 1466 3585 in
1502 3531 1785 3605 tempore
1821 3521 2012 3606 longo
2379 3541 2450 3601 35

396 3626 645 3701 captam
679 3613 908 3678 Asiam
944 3616 1227 3700 Aegypti
1262 3616 1495 3679 finibus
1531 3614 1880 3680 addiderat.

309 3708 451 3792 qujs
487 3731 607 3795 ego
642 3731 756 3795 pro
794 3707 979 3773 factis
1016 3709 1269 3774 caelesti
1304 3709 1551 3774 reddita
1585 3719 1771 3774 coetu

393 3803 658 3887 pristina
694 3814 841 3867 vota
873 3823 1039 3866 novo
1077 3825 1337 3867 munere
1373 3802 1673 3867 dissoluo-

307 3896 525 3974 invita,
561 3919 599 3961 o
635 3897 876 3981 regina,
911 3906 1021 3961 tuo
1060 3896 1138 3961 de
1172 3897 1407 3962 vertice
1442 3896 1625 3972 cessi,

393 3989 591 4055 invita
597 4015 635 4096 3
658 3991 880 4055 adiuro
916 4002 1105 4073 teque
1141 4002 1447 4074 tuumque
1485 4000 1697 4074 caput,
2021 4009 2039 4029 ’
2305 4002 2314 4019 ’
2382 4009 2451 4063 40

311 4084 506 4171 digna
541 4084 706 4149 ferat
739 4084 1451 4169 quodn‘qnizinaniter
1485 4083 1819 4150 adiurarit:
1919 4071 2056 4144 M
2143 4090 2248 4129 cmi
2281 4090 2296 4121 ε
2335 4084 2342 4105 ·
2403 4078 2436 4121 ¹J>

394 4178 510 4243 sed
545 4178 655 4261 qui
699 4201 767 4245 se
804 4180 972 4244 ferro
1009 4179 1285 4264 postulet
1320 4201 1457 4243 esse
1492 4178 1791 4288 paremQ
2061 4220 2066 4223 -
2189 4184 2206 4211 2

310 4271 418 4338 ille
454 4294 709 4358 quoque
745 4295 1002 4338 eversus
1038 4295 1218 4338 mons
1253 4283 1351 4338 est
1384 4294 1573 4358 quem
1609 4294 1956 4336 maximum
1991 4271 2057 4336 in
2089 4273 2304 4339 ube-0·
2341 4264 2582 4341 &Lice
