3225 5171
1096 442 1451 485 ADNOTATIO
1498 441 1746 484 ORITICA
2278 439 2513 501 cxjxxffl.

337 561 817 642 depravationem
879 560 1090 639 plenae
1150 561 1377 621 formae
1435 562 1501 620 in
1560 560 1804 640 reliquis
1865 559 2032 620 libris
2084 561 2275 636 magis
2328 560 2514 619 etiam

339 655 661 724 corruptae.

469 730 553 790 CI
590 734 624 788 7
673 734 883 789 interea
925 731 1059 787 haec
1095 729 1167 791 Ο.
1246 733 1456 790 interea
1498 732 1598 789 hoc
1637 730 1694 791 G
1739 750 1871 788 cum
1911 729 2153 809 reliquis
2194 728 2513 808 plerisque.

339 819 550 875 interea
581 815 659 888 D,
695 815 1116 874 Lachmannus
1150 815 1584 895 Hauptiusque.
1668 823 1926 874 ceterum
1963 814 2036 873 de
2071 816 2136 872 vi
2168 833 2322 893 quae
2355 816 2520 874 inest

338 904 402 960 in
438 901 720 960 adverbio
756 903 968 959 interea
1003 899 1155 960 conf.
1192 900 1470 959 Handius
1507 900 1763 959 Tursell.
1798 900 1901 958 111
1936 901 2059 957 416
2081 920 2124 960 s.

468 984 643 1045 CVII
695 985 731 1043 5
795 992 929 1063 post
992 988 1305 1062 insperanti
1363 987 1711 1064 interpunxi
1771 1005 1905 1044 cum
1957 984 2196 1043 Klotzio
2252 978 2508 1057 (emend.

341 1069 555 1130 catull.
591 1066 792 1146 VIII).
881 1090 1089 1148 parum
1142 1073 1301 1129 enim
1353 1070 1661 1148 probabile
1713 1078 1800 1129 est
1845 1068 2146 1128 Catullum
2199 1071 2522 1144 insperanti

339 1157 494 1213 nobis
529 1155 766 1214 dixisse.
848 1154 952 1214 sed
996 1156 1171 1214 etiam
1216 1157 1264 1214 si
1310 1155 1441 1215 fieri
1483 1154 1546 1213 id
1590 1157 1849 1233 potuisse
1893 1155 2198 1227 concedas,
2244 1155 2515 1212 insuavis

340 1247 429 1300 est
460 1241 728 1318 repetitio
772 1239 1085 1299 verborum
1130 1243 1375 1299 restituis
1412 1242 1609 1316 cupido
1655 1259 1775 1298 non
1811 1238 2128 1299 accedente
2164 1238 2241 1297 ad
2285 1257 2357 1297 ea
2390 1239 2520 1297 alia.

337 1326 595 1397 notione,
633 1323 868 1403 qualem
897 1328 1210 1401 insperanti
1234 1326 1490 1403 praebet.
1560 1324 1742 1404 idque
1768 1344 1901 1382 cum
1929 1325 2285 1402 praegressis
2312 1323 2509 1382 verbis

341 1408 820 1486 coniungendum
864 1429 989 1470 esse
1041 1412 1381 1488 conparatio
1425 1429 1662 1489 quoque
1712 1409 1887 1468 huius
1928 1409 2047 1468 loci
2088 1429 2220 1467 cum
2267 1407 2517 1468 exordio

241 1530 249 1541 ·
341 1496 616 1554 carminis
669 1494 854 1554 docet.
952 1493 1214 1574 denique
1269 1498 1398 1571 ipsa
1449 1514 1774 1573 pronomen
1825 1493 1959 1572 plus
2002 1493 2182 1553 habet
2229 1491 2522 1572 ponderis

340 1580 511 1639 initio
564 1581 706 1638 novi
757 1579 1006 1638 membri
1058 1579 1441 1639 conlocatum.
1529 1581 1660 1639 sine
1711 1578 2087 1638 distinctione
2137 1580 2520 1637 continuavit

341 1666 661 1723 orationem
696 1663 995 1741 Hauptius
1032 1684 1166 1723 cum
1198 1664 1600 1723 Lachmanno.

470 1748 679 1809 CVIII
717 1751 749 1806 1
805 1749 890 1820 Si,
929 1749 1160 1821 Comini,
1186 1790 1191 1797 -
1205 1752 1410 1826 populi
1449 1751 1684 1807 arbitrio
1731 1758 1830 1806 tua
1872 1747 2109 1820 Statius,
2164 1746 2322 1826 quod
2375 1767 2510 1805 cum

338 1833 636 1913 plerisque
669 1835 790 1892 iam
823 1833 1128 1894 Vahlenus
1161 1836 1397 1912 recepit.
1484 1833 1582 1892 Sic
1615 1835 1817 1891 homini
1840 1836 2114 1908 populari
2144 1833 2375 1889 arbitrio
2412 1842 2520 1889 tuoe

339 1918 414 1977 V.
502 1919 572 1975 Si
603 1917 816 1976 Comini
857 1920 1088 1977 arbitrio
1123 1922 1398 1996 populari
1439 1918 1632 1979 deleto
1675 1928 1773 1976 tua
1807 1918 2153 1996 pronomine
2186 1915 2512 1991 Guarinus,

341 2022 517 2082 quem
550 2002 968 2063 Lachmannus
1002 2004 1421 2084 Hauptiusque
1455 2003 1641 2063 secuti
1674 2010 1829 2062 sunt.

471 2086 586 2147 CX
613 2089 651 2147 3
690 2098 766 2160 tu,
787 2091 1102 2164 promisisti
1122 2090 1254 2147 mihi
1278 2090 1428 2163 quod
1448 2091 1678 2146 mentita
1695 2088 1910 2147 Munro
1931 2088 2055 2145 crit.
2078 2087 2219 2145 218.
2273 2096 2332 2144 tu
2360 2088 2522 2161 quod

333 2175 648 2249 promisisti
669 2174 799 2230 mihi
824 2175 974 2247 quod
995 2176 1222 2231 mentita
1236 2174 1311 2233 V.
1364 2184 1444 2245 tu,
1475 2175 1628 2247 quod
1642 2175 1904 2249 promisti
1925 2173 2075 2243 mihi,
2103 2173 2254 2246 quod
2281 2175 2512 2230 mentita

342 2277 478 2317 cum
520 2258 689 2316 Italis
724 2257 1162 2317 Lachmannus.
1250 2267 1331 2330 tu,
1385 2260 1536 2333 quod
1575 2259 1857 2334 promisti,
1910 2258 2040 2314 milii
2084 2258 2234 2331 quod
2280 2260 2518 2315 mentita.

335 2350 473 2420 post
514 2341 912 2402 Passeratium
956 2343 1274 2421 HauptiuS.
1363 2342 1469 2402 sed
1512 2343 1662 2418 quod
1691 2345 1916 2400 mentita
1947 2361 2054 2420 pro
2092 2343 2242 2416 quod
2280 2345 2510 2400 mentita

341 2447 400 2484 es
437 2427 657 2486 dixisse
703 2426 1001 2486 Catullum
1042 2447 1255 2506 parum
1291 2427 1588 2487 credibile.
1635 2459 1720 2468 —
1767 2427 1802 2483 7
1843 2428 2169 2500 fraudando
2370 2431 2516 2503 plus

341 2530 417 2570 ex
466 2513 526 2571 D
576 2511 1021 2585 Lachmannus,
1083 2531 1258 2593 quem
1308 2513 1607 2593 Hauptius
1659 2518 1893 2572 secutus
1943 2519 2048 2571 est.
2147 2531 2341 2592 neque
2392 2531 2516 2589 ego

341 2600 656 2677 quicquam
690 2599 949 2658 inserere
983 2598 1160 2658 volui.
1234 2601 1559 2673 fraudando
1594 2600 1764 2673 efficit
1790 2601 1928 2673 plus
1962 2598 2037 2671 V,
2074 2597 2234 2658 unde
2268 2600 2516 2672 officium.

340 2682 664 2757 Marcilius,
707 2685 905 2756 officiis
939 2683 1250 2762 Bergkius.
1333 2685 1658 2757 fraudando
1701 2687 1864 2741 nimio
1891 2686 2029 2759 plus
2064 2682 2386 2742 Vahlenus.
2421 2714 2512 2724 —

339 2778 605 2826 avaraest
636 2770 859 2847 scripsi.
929 2789 1140 2828 avarae
1173 2769 1490 2848 Hauptius.
1565 2768 1814 2828 verbum
1848 2767 2280 2827 substantivum
2311 2769 2379 2827 in
2413 2787 2514 2828 co-

341 2852 570 2912 dicibus
605 2854 881 2913 omissum
913 2855 1137 2932 primus
1172 2853 1404 2913 addidit
1437 2853 1811 2931 Calpurnius.

470 2936 618 2996 CXI
655 2941 686 2994 1
737 2949 1040 2997 contentam
1080 2940 1140 2998 V
1181 2937 1514 3014 (contEptam
1559 2936 1658 3014 O),
1712 2935 1875 3015 quod
1913 2935 2220 2996 Vahlenus
2270 2957 2515 3017 quoque

337 3024 658 3082 revocavit.
762 3033 1043 3082 contentas
1092 3023 1512 3082 Lachmannus
1563 3023 1981 3101 Hauptiusque
2041 3040 2118 3081 ex
2168 3025 2506 3082 coniectura

339 3105 644 3183 Scaligeri.
689 3137 775 3147 —
824 3108 863 3164 4
899 3127 1112 3182 parere
1152 3107 1342 3166 Italus
1385 3106 1617 3186 aliquis,
1664 3126 1779 3186 quo
1823 3125 2068 3165 mancus
2110 3108 2175 3165 in
2209 3107 2267 3166 V
2299 3127 2515 3168 versus

337 3190 633 3271 probabili
683 3189 858 3250 modo
907 3194 1248 3251 restituitur.
1333 3194 1525 3269 potuit
1566 3194 1726 3251 enim
1769 3190 1832 3250 id
1875 3191 2122 3251 verbum
2165 3199 2227 3252 et
2266 3202 2512 3272 propter

338 3294 546 3336 vocem
589 3285 801 3351 patruo
853 3278 1120 3355 proxime
1170 3276 1614 3337 antecedentem
1658 3284 1719 3336 et
1761 3276 1835 3336 ob
1881 3276 2131 3336 similem
2173 3282 2506 3356 praegressi

338 3380 545 3421 versus
604 3362 829 3421 exitum
890 3360 1171 3439 perfacile
1222 3361 1507 3422 excidere.
1606 3361 2030 3421 Lachmannus
2081 3361 2514 3443 Hauptiusque.

340 3446 602 3506 codicem
648 3446 708 3504 D
744 3446 930 3505 secuti
982 3448 1136 3506 inter
1175 3446 1467 3506 vocabula
1503 3448 1721 3520 fratres
1765 3454 1829 3506 et
1870 3468 1937 3504 ea.-
1981 3456 2192 3523 patruo
2227 3448 2508 3508 lacunam

345 3531 773 3590 indicaverunt.

374 3663 377 3668 .
467 3615 649 3676 CXII
686 3611 719 3673 1
759 3635 931 3690 neque
961 3615 1035 3676 V.
1123 3634 1223 3673 nec
1264 3615 1682 3675 Lachmannus
1725 3616 2143 3694 Hauptiusque
2185 3635 2264 3675 ex
2302 3617 2382 3677 D.
2417 3649 2516 3660 ——-

342 3701 380 3757 2
417 3702 692 3759 descendit
718 3700 793 3761 V.
865 3711 917 3759 te
950 3702 1150 3758 scindit
1175 3700 1475 3780 Hauptius
1499 3701 1671 3760 male.
1742 3702 1976 3774 etenim,
2012 3708 2080 3758 ut
2113 3699 2231 3760 alia
2255 3708 2514 3776 taceam,

341 3803 410 3845 eo
459 3784 633 3844 modo
683 3787 897 3843 mirum
949 3793 1234 3865 quantum
1286 3786 1631 3863 infringitur
1670 3786 1763 3845 vis
1805 3785 2245 3864 epigrammatis
2294 3789 2357 3846 in
2401 3807 2502 3847 ex-

338 3878 527 3930 trema
567 3889 713 3930 voce
749 3872 1011 3946 pathicus
1052 3873 1260 3950 posita.
1347 3869 1505 3950 quod
1547 3869 1786 3949 quidem
1831 3870 2108 3948 probrum
2151 3869 2399 3950 adparet
2432 3892 2501 3932 eo

338 3955 608 4014 acerbius
651 3974 778 4014 esse
819 3975 937 4035 quo
979 3958 1169 4032 magis
1212 3964 1444 4035 praeter
1488 3956 1954 4033 expectationem
1997 3957 2062 4013 in
2105 3955 2238 4026 fine,
2269 3956 2517 4026 demum:
2613 4016 2623 4024 ,

342 4039 576 4099 distichi
627 4039 893 4099 obicitur.
980 4043 1181 4121 itaque
1231 4059 1308 4100 ne
1359 4043 1443 4099 eis
1495 4039 1735 4119 quidem
1788 4039 2071 4099 adsentiri
2119 4061 2356 4120 possum
2399 4046 2516 4122 qui„

285 4144 294 4150 ·
341 4126 628 4203 scriptura
676 4124 956 4185 librorum
1010 4134 1242 4186 servata
1296 4127 1575 4184 descendit
1627 4132 1687 4185 et
1733 4126 1927 4204 ipsum
1980 4125 2230 4186 obscene
2283 4127 2515 4186 dictum

340 4227 469 4270 csse
504 4216 730 4296 putant.
809 4211 1131 4270 obscuritas
1167 4212 1442 4271 carminis
1476 4210 1617 4269 inde
1652 4211 2018 4290 potissimum
2053 4214 2313 4273 nascitur
2344 4211 2528 4293 quod,
