3225 5171
701 3728 771 3783 10

699 4274 772 4330 15

796 459 886 527 30

1651 471 1988 531 CATULLI

1135 618 1306 661 nune
1339 594 1406 661 in
1442 594 1787 680 quadriviis
1824 606 1889 661 et
1922 593 2268 682 angiportis

1137 690 1344 776 glubit
1376 689 1817 775 magnanimos
1851 690 2039 755 Remi
2070 700 2384 776 nepotes..
2495 737 2498 740 -

1052 1139 1471 1206 Bononiensis
1506 1139 1652 1203 rufa
1685 1139 1931 1204 Rufum
1964 1139 2028 1203 io
2061 1138 2259 1215 fellat,

1059 1255 1220 1297 uxor
1254 1233 1539 1310 Meneni,
1575 1254 1767 1317 saepe
1801 1254 1995 1317 quam
2030 1233 2097 1297 in
2136 1231 2507 1317 sepulcretis

1056 1326 1300 1390 vidistis
1335 1327 1472 1411 ipso
1507 1348 1730 1410 rapere
1766 1324 1844 1390 de
1880 1347 2035 1411 rogo
2072 1349 2316 1402 cenam,

1056 1442 1203 1485 eum
1239 1421 1607 1485 devolutum
1645 1442 1725 1485 ex
1759 1419 1909 1504 igne
1944 1441 2331 1504 prosequens
2365 1440 2602 1507 panem

1055 1513 1138 1578 ab
1174 1514 1472 1580 semiraso
1508 1511 1877 1578 tunderetur
1912 1523 2144 1579 ustore.

1737 1844 1892 1909 LX.

1051 1963 1229 2030 Num
1265 1974 1328 2029 te
1361 1963 1584 2029 leaena
1618 1963 1939 2029 montibus
1982 1962 2337 2047 Libystinis

1054 2069 1166 2122 aut
1202 2056 1419 2142 Scylla
1450 2056 1690 2122 latrans
1723 2057 1943 2121 infima
1977 2056 2311 2141 inguinum
2345 2066 2528 2142 parte

1053 2161 1184 2215 tam
1218 2161 1430 2215 mente
1467 2150 1627 2215 dura
1658 2150 2013 2236 procreavit
2047 2172 2127 2215 ae
2156 2161 2379 2227 taetra,
2487 2205 2494 2210 .

1053 2253 1128 2311 ut
1160 2243 1461 2329 supplicis
1496 2265 1717 2309 voeem
1754 2244 1821 2307 in
1856 2243 2198 2309 novissimo
2233 2265 2386 2310 casu

1058 2345 1482 2421 eontemptam
1515 2335 1803 2414 haberes,
1841 2359 1899 2411 a,
1936 2336 2121 2400 nimis
2157 2336 2292 2401 fero
2328 2332 2566 2401 eorde?

1713 2667 1917 2763 LXI.
2094 2620 2155 2678 “’
2200 2567 2240 2639 ς

1169 2785 1397 2875 ΜΟ
1299 2687 1895 2966 ψῌῖὲῗὲἕὲθ
1935 2706 2452 2991 gam?
2435 2810 2491 2887 Ὗ

1354 2974 1465 3057 qui
1497 2975 1806 3074 rapis!
1704 2985 1987 3040 teneram
2021 2975 2105 3039 ad
2140 2975 2349 3040 virum

1226 3062 1644 3162 virginesffil'o
1671 3070 2045 3153 Hymenaee
2080 3068 2374 3153 Hymen,

1355 3183 1394 3227 o
1429 3164 1690 3247 Hymen
1726 3164 2122 3247 Hymenaee,

1228 3332 2054 3537 cwffloribus
2095 3395 2220 3424 Q

1386 3448 1429 3489 u
1513 3447 1548 3490 e
1754 3448 1808 3489 Is
1845 3425 2139 3501 amaraei‚

1352 3519 1654 3584 flammeu
1612 3540 1933 3635 Menige
1969 3519 2173 3584 laetus
2208 3517 2340 3584 hue

1230 3614 1318 3678 hu
1436 3636 1537 3678 em
1641 3635 1759 3678 veo
1795 3636 2020 3707 gerens

1255 3542 1807 3798 Mpede
1837 3728 2115 3784 soccum,

1076 3904 1083 3911 ’
1227 3877 1596 3962 excitusque
1677 3850 2228 3997 {wi

1352 3970 1660 4056 nuptialia
1682 3988 1953 4036 eoneme

1175 4087 1513 4198 ωας
1861 3962 2261 4151 affixi,

1232 4160 1397 4245 pelle
1403 4110 2279 4315 ‘humumbuffl

1356 4253 1609 4339 pineam
1646 4264 1836 4337 quate
1871 4263 1974 4317 tae
