3225 5171
1247 465 1703 508 PROLEGOMENA
2363 463 2564 505 LXXXV

386 605 522 644 rum
569 588 773 644 semin.
821 583 1024 664 philol.
1061 583 1448 659 Erlangensis
1492 583 1608 642 vol.
1647 584 1729 656 Π,
1769 604 1824 661 p.
1866 586 1897 641 1
1930 603 2021 656 ss.,
2068 585 2177 641 etsi
2221 600 2330 640 nec
2365 585 2566 641 omnia

392 690 543 750 quae
587 670 704 729 huc
746 672 1045 749 pertinent
1088 669 1412 747 conplexus
1457 675 1544 727 est
1581 676 1640 728 et
1682 668 1878 728 aliena
1919 667 2080 726 haud
2121 687 2312 746 pauca
2345 674 2566 726 temere

392 755 721 814 admiscuit.
811 758 1027 814 etenim
1078 753 1304 830 figurae
1359 752 1787 831 etymologicae
1838 753 1949 812 hoc
2004 760 2092 811 est
2143 755 2446 830 proprium
2497 758 2565 810 ut

391 839 682 899 vocabula
734 839 995 898 eiusde'm
1041 840 1301 916 originiS,
1358 838 1462 897 sed
1513 840 1636 896 'non
1681 837 1885 897 eadem
1928 841 1995 896 in
2040 857 2220 896 unam
2263 839 2565 896 notionem

393 926 843 1001 coniungantur.
906 926 1027 982 iam
1062 923 1222 1002 apud
1258 922 1557 983 Catullum
1593 942 1843 1003 quoque,
1880 931 1949 981 ut
1980 921 2141 1001 apud
2176 929 2414 994 ceteros,
2451 921 2565 980 fre-

393 1012 841 1089 quentissimum
875 1008 938 1067 id
968 1016 1056 1069 est
1081 1027 1269 1086 genus
1305 1029 1419 1087 quo
1449 1008 1696 1068 verbum
1731 1029 1862 1067 cum
1884 1015 2097 1088 quarto
2135 1027 2276 1066 casu
2308 1008 2563 1065 nominis

392 1095 750 1153 substantivi
795 1093 1118 1171 copulatur,
1165 1113 1255 1152 ex.
1295 1113 1380 1169 gr.
1427 1095 1588 1151 basia
1632 1095 1873 1166 basiare,
1920 1113 2039 1172 qua
2079 1096 2146 1151 in
2190 1091 2565 1170 copulatione

393 1179 761 1238 substantivo
807 1199 1036 1258 semper
1088 1177 1449 1237 adiectivum
1504 1187 1606 1237 aut
1657 1198 1983 1257 pronomen
2036 1177 2274 1257 aliquod
2327 1176 2565 1235 additur

390 1272 625 1342 praeter
659 1285 706 1323 c.
747 1262 861 1323 CX
896 1266 937 1321 4
979 1266 1128 1337 facis
1168 1266 1391 1337 facinus
1429 1259 1528 1334 (de
1564 1283 1681 1342 quo
1719 1264 1871 1322 conf.
1908 1261 2304 1339 Landgrafius
2338 1283 2396 1340 p.
2438 1259 2561 1338 17),

392 1369 533 1408 nam
568 1349 880 1408 verborum
916 1352 1104 1406 iuncta
1136 1351 1269 1422 iuya
1305 1369 1352 1408 c.
1381 1348 1602 1406 LXIII
1624 1349 1701 1405 76
1741 1348 1859 1406 alia
1895 1356 1983 1408 est
2014 1350 2179 1406 ratio.
2236 1347 2562 1406 ablativum

394 1434 750 1493 substantivi
797 1454 929 1493 cum
972 1433 1152 1492 verbo
1199 1437 1597 1492 consociatum
1643 1433 1825 1492 habes
1871 1453 1919 1492 c.
1955 1432 2112 1492 XIV
2149 1433 2186 1490 3
2233 1435 2469 1489 odissem
2512 1442 2564 1488 te

395 1521 517 1576 odio
563 1521 880 1577 Vatiniana
952 1521 1383 1597 praepositione
1429 1517 1729 1576 adnexum
1773 1525 1863 1578 est
1905 1518 2337 1579 substantivum
2375 1538 2423 1576 c.
2460 1516 2564 1575 ΙΙΙ

397 1606 472 1661 11
530 1607 571 1662 it
617 1625 727 1679 per
775 1606 881 1661 iter
933 1605 1343 1661 tenebricosum.
1433 1603 1547 1661 duo
1611 1602 1907 1662 adiectiva
1957 1605 2271 1662 coniuncta
2322 1610 2460 1660 sunt
2512 1622 2560 1660 c.

392 1688 676 1747 LXXIII
711 1690 746 1746 6
783 1709 948 1746 unum
981 1700 1149 1763 atque
1180 1691 1415 1745 unicum.
1487 1688 1605 1746 alia
1640 1691 1949 1768 magisque
1984 1688 2299 1764 singularis
2337 1689 2561 1765 species

392 1775 693 1832 invenitur
727 1793 774 1832 c.
812 1773 1041 1832 XXIII
1078 1775 1156 1832 18
1202 1775 1344 1830 hanc
1390 1775 1469 1830 ad
1505 1775 1821 1830 munditiem
1855 1774 2001 1829 adde
2041 1774 2376 1829 mundiorem
2412 1770 2562 1847 (scil.

391 1856 783 1934 munditiem),
822 1879 937 1938 quo
974 1879 1106 1917 cum
1134 1858 1401 1936 exemplo
1427 1860 1491 1915 in
1516 1860 1721 1936 primis
1749 1856 2188 1936 conparandum
2215 1857 2562 1915 Plautinum

394 1943 545 2001 illud
595 1963 703 1999 non
753 1947 980 2001 lutumst
1041 1946 1361 2001 lutulentius
1411 1943 1659 2002 Poenul.
1710 1943 1846 1999 158.
1935 1941 2231 2000 diversum
2282 1962 2318 1999 a
2369 1942 2564 2016 figura

396 2027 786 2106 etymologica
802 2027 867 2086 id
885 2036 974 2087 est
990 2027 1225 2088 schema
1243 2026 1402 2106 quod
1426 2030 1492 2085 in
1511 2026 1790 2085 adiectivi
1809 2029 2176 2103 conparativi
2197 2046 2328 2084 cum
2356 2026 2563 2085 eodem

394 2115 648 2191 positivo
684 2114 1055 2192 copulatione
1091 2115 1372 2171 consistit.
1445 2131 1559 2190 quo
1599 2131 1732 2169 cum
1768 2110 2035 2170 Catullus
2069 2111 2354 2189 peculiari
2386 2109 2560 2170 modo

391 2218 532 2257 usus
567 2200 659 2271 sit,
697 2201 896 2257 omnia
940 2197 1210 2274 exempla
1254 2196 1610 2254 adscribam:
1657 2217 1704 2254 c.
1740 2195 1934 2253 XXII
1974 2197 2053 2253 14
2090 2198 2324 2268 infaceto
2361 2206 2443 2253 est
2476 2199 2559 2253 in-

389 2285 626 2356 facetior
659 2303 811 2353 rare,
847 2282 1152 2340 XXVH4
1188 2281 1398 2337 ebrioso
1435 2283 1592 2338 acino
1630 2282 1959 2351 ebriosioriS,
1994 2280 2208 2341 XCIX
2227 2283 2279 2339 2.
2305 2282 2383 2339 14
2412 2283 2564 2339 dulci

392 2371 610 2426 dulcius
647 2368 925 2424 ambrosia
953 2373 1012 2425 et
1037 2369 1188 2423 tristi
1220 2368 1437 2422 tristius
1471 2366 1761 2439 lzelleborO,
1794 2365 2082 2425 XXXIX
2108 2367 2185 2424 16
2222 2369 2341 2424 risu
2376 2369 2559 2442 inepto

392 2473 486 2510 res
511 2455 751 2528 ineptior
775 2455 1007 2523 nullast,
1038 2471 1074 2509 a
1100 2450 1312 2530 quibus
1338 2449 1668 2529 paullulum
1697 2451 1892 2510 differt
1918 2450 2077 2531 quod
2102 2459 2191 2511 est
2216 2472 2261 2510 c.
2281 2451 2561 2513 LXVIII

395 2538 519 2596 117
566 2547 693 2595 tuus
738 2539 887 2595 altus
931 2556 1088 2594 amor
1130 2537 1394 2594 barathro
1435 2538 1543 2609 fuit
1587 2539 1757 2594 altior
1798 2540 1913 2595 illo.
1985 2535 2089 2597 sed
2132 2536 2291 2596 hunc
2325 2556 2560 2617 quoque

395 2622 632 2682 dicendi
674 2642 894 2681 morem
937 2624 1123 2681 veteri
1168 2620 1503 2681 comoediae
1551 2621 1752 2681 deberi
1785 2622 2063 2681 viderunt
2095 2622 2399 2700 Zieglerus
2433 2622 2470 2679 l.
2509 2643 2560 2681 c.

391 2730 450 2787 p.
489 2708 568 2766 15
615 2716 673 2766 et
713 2707 1108 2783 Landgrafius
1149 2728 1208 2785 p.
1247 2708 1343 2765 66.
1421 2728 1562 2765 nam
1605 2706 1811 2766 eodem
1861 2707 2040 2785 plane
2091 2707 2264 2765 modo
2307 2707 2557 2765 Plautus

391 2796 550 2851 melle
583 2795 735 2851 dulci
767 2795 1004 2865 dulcior,
1039 2814 1110 2849 m.
1148 2795 1204 2849 d.
1242 2793 1457 2849 dulcius
1493 2791 1663 2849 Asin.
1706 2792 1845 2848 614.
1882 2791 2124 2850 Trucul.
2163 2795 2303 2864 371,
2341 2800 2400 2850 et
2436 2795 2556 2849 citis

394 2880 685 2954 quadriyis
739 2880 898 2935 citius
940 2876 1142 2936 Aulul.
1192 2878 1330 2934 600.
1411 2884 1668 2934 ceterum
1713 2875 1952 2954 Sappho
2007 2896 2239 2954 quoque
2289 2876 2558 2936 similiter

391 2962 648 3022 locutam
684 2982 808 3021 esse
843 2983 1018 3040 supra
1055 2961 1430 3034 ostendimUS,
1467 2960 1829 3038 adparetque
1863 2959 2005 3018 inde
2038 2960 2183 3018 talia
2218 2963 2279 3019 in
2308 2971 2558 3040 utraque

391 3047 602 3123 lingua
641 3045 824 3105 fuisse
867 3046 1189 3126 popularia.
1260 3056 1325 3103 ut
1368 3052 1563 3122 aufem
1609 3044 1895 3118 Catullus,
1949 3066 2081 3104 cum
2133 3045 2428 3105 sufficeret
2479 3046 2559 3104 ad

394 3132 746 3192 sententiam
791 3129 986 3190 dicere
1031 3132 1188 3190 ‘rure
1232 3138 1321 3189 est
1361 3128 1716 3201 infacetior’,
1764 3129 2119 3189 adiectivum
2154 3130 2312 3210 quod
2346 3141 2436 3191 est
2476 3136 2556 3189 in-

389 3219 609 3294 facetus
644 3218 870 3273 nomini
899 3236 972 3276 ex
1007 3218 1384 3294 conparativo
1417 3214 1704 3293 pendenti
1732 3214 1950 3275 addere
1976 3216 2199 3290 maluit,
2237 3237 2354 3296 quo
2382 3236 2556 3276 sonos

395 3302 509 3361 sibi
536 3309 924 3360 consonantes
952 3301 1210 3364 efficeret
1235 3299 1714 3359 delectandarum
1742 3302 1972 3359 aurium
1998 3305 2207 3378 gratia,
2236 3304 2321 3361 sic
2348 3302 2556 3361 eodem

397 3387 606 3447 ductus
643 3384 834 3444 studio
868 3384 1074 3444 itidem
1121 3392 1382 3445 veterum
1426 3388 1797 3465 maximeque
1830 3385 2032 3444 Plauti
2066 3387 2333 3465 exemplo
2368 3388 2557 3447 multa

395 3472 611 3532 similia
655 3472 934 3529 orationis
970 3471 1218 3528 artificia
1261 3469 1541 3529 adhibuit.
1611 3491 1732 3529 non
1767 3470 2061 3550 loquimur
2100 3472 2197 3530 hic
2232 3473 2305 3531 de
2342 3491 2556 3550 epana-

392 3559 581 3637 phora
632 3555 883 3635 aliisque
933 3555 996 3613 id
1041 3575 1228 3633 genus
1273 3555 1477 3632 figuris
1521 3555 1843 3629 rhetoriciS,
1898 3577 2147 3634 quarum
2188 3556 2556 3635 frequentem

394 3662 568 3702 usum
612 3661 790 3720 supra
831 3639 1089 3699 vidimus
1135 3640 1208 3698 ab
1261 3642 1586 3699 imitatione
1629 3640 2076 3700 Alexandrinae
2116 3644 2311 3720 potius
2361 3646 2556 3719 poesis

396 3726 777 3806 repetendum
804 3745 943 3785 esse.
1006 3724 1109 3785 sed
1145 3728 1483 3804 saepissime
1511 3724 1782 3785 Catullus
1818 3728 1947 3785 soni
1982 3745 2160 3785 causa
2192 3725 2349 3785 idem
2382 3746 2555 3785 voca-

395 3813 601 3872 bulum
653 3815 779 3871 sive
832 3809 1037 3870 eadem
1091 3812 1216 3869 sive
1268 3813 1496 3868 variata
1537 3809 1727 3867 forma
1768 3809 1861 3869 bis
1906 3812 2090 3889 ponit,
2136 3819 2195 3869 et
2237 3810 2554 3890 plurimum

399 3897 651 3977 quidem,
672 3916 788 3976 quo
815 3898 1004 3972 magis
1030 3895 1314 3954 feriantur
1340 3915 1525 3969 aures,
1554 3897 1851 3969 continu0,
1871 3899 2059 3954 rarius
2084 3916 2204 3954 una
2229 3896 2327 3955 vel
2353 3900 2556 3975 paucis

397 3984 641 4042 vocibus
677 3983 1015 4054 interiectiS‚
1053 4000 1142 4039 ex.
1175 4001 1260 4057 gr.
1280 4000 1468 4056 purae
1491 4000 1648 4055 pura
1674 3983 1900 4055 puellae
1922 3979 2096 4038 Savia
2122 3977 2452 4054 (LXXVII
2473 3981 2553 4060 7),

402 4086 521 4125 cum
545 4075 724 4143 puero
759 4076 820 4123 ut
855 4068 992 4124 bello
1030 4068 1172 4124 bella
1199 4068 1397 4142 puella
1425 4067 1575 4123 cubet
1604 4064 1969 4141 (LXXVIII
1986 4064 2069 4143 4),
2107 4071 2288 4125 omnia
2312 4070 2557 4126 omnibus

399 4155 594 4211 adnuit
638 4148 814 4227 (LXI
851 4149 1016 4229 163),
1069 4153 1212 4209 bona
1265 4169 1384 4208 cum
1434 4152 1575 4208 bona
1618 4150 1804 4209 Nubet
1852 4154 1985 4209 alite
2032 4154 2188 4227 viryo
2224 4148 2391 4227 (ibid.
2430 4152 2554 4230 19),

398 4240 624 4313 yemelle
651 4236 857 4295 Castor
890 4248 939 4295 et
973 4240 1195 4313 qemelle
1222 4235 1477 4294 Castoris
1505 4231 1621 4312 (IV
1640 4237 1738 4293 27.
1779 4234 1930 4296 conf.
1957 4236 2099 4296 ibid.
2122 4258 2175 4295 v.
2197 4239 2232 4295 6
2255 4235 2341 4314 s.),
2378 4241 2557 4314 ipsius
