3225 5171
701 436 788 481 011
1564 436 2022 480 PROLEGOMENA

702 555 984 637 praebeat
1027 575 1203 635 quam
1247 553 1384 613 olim
1427 557 1492 615 in
1535 554 1642 613 illo
1686 573 1919 634 quoque
1954 554 2135 614 fuisse
2172 558 2299 614 veri
2335 555 2526 615 simile
2563 562 2665 615 est.
2735 574 2880 615 nam

702 643 1041 720 pancissimi
1084 638 1201 698 loc‘i
1253 639 1466 718 quibus
1511 640 1797 718 parvulae
1843 640 2132 718 quaedam
2182 661 2421 701 rasurae
2475 643 2653 699 etiam
2704 642 2770 699 in
2818 639 2871 700 Ο

705 725 1223 806 deprehenduntur
1266 727 1555 783 incertum
1598 745 1637 782 a
1681 745 1940 803 quonam
1983 724 2176 784 factae
2218 729 2284 784 in
2327 746 2566 785 censum
2609 745 2731 784 non
2775 744 2878 783 ve-

700 815 890 870 niunt.
944 829 1137 889 neque
1162 828 1302 868 vero
1329 812 1521 886 ipsum
1548 809 1724 868 huius
1760 810 1897 868 libri
1933 818 2228 869 auctorem
2263 811 2447 870 verba
2479 814 2547 868 in
2573 811 2629 870 V
2655 809 2879 868 tradita

699 895 997 955 interdum
1026 898 1147 954 suis
1171 897 1432 953 inventis
1458 894 1909 973 interpolavisse
1936 895 2329 955 concedimus,
2379 915 2526 976 quas
2555 898 2711 954 enim
2737 895 2878 953 talis

702 983 1000 1060 opinionis
1053 977 1376 1039 firmandae
1431 983 1626 1055 gratia
1668 999 1746 1039 ex
1789 978 1842 1039 Ο
1885 979 2172 1040 lectiones
2221 984 2529 1058 conposuit
2577 980 2876 1039 Rudolfus

701 1066 1001 1145 Sydovius
1051 1068 1117 1124 in
1171 1065 1581 1124 dissertatione
1636 1064 1739 1124 ‘de
1788 1064 2165 1125 recensendis
2211 1064 2432 1125 Catulli
2484 1065 2872 1124 carminibus’

582 1199 589 1206 .
698 1152 962 1210 Berolini
996 1170 1049 1208 a.
1089 1151 1249 1209 1881
1291 1153 1505 1208 emissa
1537 1171 1594 1229 p.
1626 1151 1705 1207 36
1727 1169 1819 1222 ss‚,
1858 1149 1932 1208 de
1968 1153 2053 1210 eis
2088 1170 2196 1209 nos
2229 1150 2407 1227 longe
2442 1151 2613 1210 aliter
2645 1151 2874 1209 iudica-

697 1256 843 1296 mus.
914 1235 1102 1295 veluti
1136 1255 1183 1294 c.
1217 1234 1429 1294 LXIV
1462 1254 1518 1292 v.
1550 1236 1689 1307 139,
1726 1234 1830 1293 ubi
1866 1234 1919 1295 O
1956 1256 2063 1314 pro
2096 1237 2267 1308 nobiS,
2303 1236 2463 1315 quod
2494 1239 2560 1294 in
2597 1235 2655 1295 Gr
2689 1235 2875 1314 pluri-

697 1324 929 1401 misque
970 1321 1328 1400 reliquorum
1368 1319 1603 1396 legitur,
1649 1320 1892 1399 praebet
1936 1322 2160 1393 blanda,
2209 1340 2337 1380 eam
2382 1324 2727 1399 scripturam
2772 1339 2877 1397 ge-

696 1411 943 1466 nuinam
995 1424 1122 1465 esse
1176 1404 1538 1464 confidimus
1618 1404 1738 1463 vid.
1792 1424 1944 1484 quae
1994 1408 2061 1465 in
2115 1405 2310 1464 adnot.
2355 1409 2560 1466 critica
2604 1405 2683 1464 ad
2724 1405 2790 1464 h..
2827 1404 2873 1463 l.

697 1492 972 1551 diximus.
1043 1493 1351 1548 statuimus
1387 1498 1583 1549 autem
1620 1500 1928 1569 utramque
1961 1490 2273 1567 lectionem
2300 1494 2364 1549 in
2391 1491 2450 1550 V
2475 1491 2674 1564 fuisse,
2711 1488 2874 1550 unde

696 1577 882 1636 altera
913 1579 982 1634 in
1017 1573 1089 1647 O,
1137 1575 1321 1633 altera
1354 1577 1421 1633 in
1455 1574 1514 1634 Gr
1549 1579 1900 1653 perveniret.
1972 1579 2189 1634 etenim
2224 1575 2441 1634 librum
2477 1575 2551 1648 Gr,
2598 1579 2706 1635 etsi
2741 1594 2876 1654 per-

694 1662 908 1721 multas
953 1660 1135 1719 habet
1178 1659 1441 1737 duplices
1486 1663 1819 1736 scripturas,
1873 1669 2072 1719 tamen
2112 1681 2236 1719 non
2270 1680 2471 1720 omnes
2507 1680 2664 1740 quae
2701 1663 2770 1719 in
2811 1660 2874 1720 V

696 1746 1049 1823 legebantur
1083 1744 1361 1804 exhibere
1394 1743 1537 1804 inde
1571 1744 1824 1804 efficitur
1851 1744 2011 1824 quod
2045 1766 2165 1803 non
2199 1745 2398 1805 nullae
2422 1749 2488 1804 in
2516 1745 2569 1805 O
2602 1752 2807 1805 extant
2832 1766 2873 1804 a

696 1831 759 1891 G·
800 1831 1032 1890 alienae
1075 1828 1254 1905 (conf.
1299 1829 1694 1889 Baehrensius
1740 1829 1959 1908 proleg.
2005 1851 2062 1908 p.
2106 1829 2424 1890 XXXVII
2451 1851 2495 1888 s.
2533 1838 2592 1891 et
2641 1851 2750 1890 nos
2801 1834 2871 1890 in

696 1923 808 1976 act.
844 1916 957 1974 litt.
991 1916 1223 1975 Ienens.
1258 1914 1298 1972 1.
1337 1935 1384 1972 c.
1421 1934 1478 1993 p.
1510 1914 1680 1990 210),
1714 1915 1988 1994 idemque
2022 1915 2160 1974 libri
2195 1916 2604 1988 BononiensiS,
2642 1915 2716 1975 de
2749 1935 2871 1994 quo

694 2002 855 2061 infra
891 2000 1170 2073 dicemus,
1216 2021 1349 2059 cum
1384 1998 1442 2059 G
1478 2008 1537 2059 et
1572 1999 1626 2060 Ο
1664 2002 2006 2078 conparatio
2043 2000 2308 2076 subgerit
2351 1998 2529 2076 (conf.
2567 2001 2869 2079 Sydovius

691 2108 750 2166 p.
791 2088 869 2144 13
891 2084 1013 2163 ss.).
1080 2105 1252 2164 porro
1297 2083 1559 2144 eiusdem
1604 2084 1814 2163 epyllii
1858 2106 1915 2143 v.
1952 2086 2072 2143 353
2112 2084 2164 2145 O
2200 2106 2434 2160 messor,
2478 2085 2536 2145 Gr
2572 2106 2705 2145 cum
2746 2085 2874 2164 ple-

693 2176 893 2253 risque
927 2172 1317 2230 recentiorum
1358 2170 1644 2230 librorum
1681 2174 1868 2228 cultor
1894 2171 2153 2249 praebet.
2224 2178 2400 2250 atque
2433 2172 2548 2230 hoc
2579 2173 2874 2248 posterius

694 2277 803 2316 nos
838 2275 1071 2336 quoque
1104 2274 1243 2315 vere
1280 2254 1682 2314 Catullianum
1718 2258 2139 2316 existimamus.
2204 2263 2266 2314 at
2298 2265 2500 2315 tamen
2542 2255 2697 2314 illud
2731 2276 2872 2314 mes·

697 2362 795 2400 sor
828 2340 993 2399 nullo
1028 2339 1202 2399 modo
1238 2340 1543 2419 probabile
1578 2347 1667 2400 est
1704 2340 1778 2399 ab
1814 2343 1941 2419 ipso
1978 2341 2116 2400 libri
2145 2339 2197 2400 Ο
2227 2343 2507 2419 scriptore
2538 2341 2873 2418 profectum

695 2445 839 2486 esse.
912 2424 1070 2505 quod
1104 2445 1236 2484 cum
1273 2428 1452 2483 etiam
1495 2427 1559 2483 in
1592 2427 1860 2502 margine
1894 2425 2113 2485 codicis
2148 2426 2499 2485 Santeniani
2534 2433 2593 2485 et
2626 2428 2692 2484 in
2726 2425 2874 2486 duo-

692 2512 807 2571 bus
837 2509 1007 2569 libris
1033 2509 1340 2568 Ellisianis
1368 2517 1701 2589 conpareat,
1739 2510 2136 2588 colligendum
2164 2518 2251 2570 est
2282 2513 2476 2591 potius
2502 2511 2600 2570 hic
2635 2531 2868 2593 quoque

696 2597 843 2655 duas
889 2601 956 2654 in
997 2597 1056 2656 V
1097 2596 1377 2655 lectiones
1429 2595 1629 2669 fuisse,
1682 2616 1931 2675 quarum
1982 2599 2031 2655 is
2078 2599 2180 2676 qui
2224 2596 2282 2657 Gr
2325 2599 2595 2656 exaravit
2637 2606 2869 2676 praeter

694 2680 1179 2742 consuetudinem
1214 2701 1381 2740 suam
1415 2680 1661 2740 alteram
1694 2690 1924 2740 tantum
1958 2683 2386 2742 transcriberet.
2441 2690 2698 2743 ceterum
2732 2690 2867 2742 utra

694 2787 897 2828 earum
931 2767 1239 2845 archetypi
1273 2770 1512 2845 propria
1548 2766 1742 2839 fuerit,
1789 2774 1922 2825 utra
1956 2766 2253 2846 adscripta
2290 2771 2416 2827 sive
2452 2771 2864 2847 superscripta,

694 2872 887 2934 neque
919 2852 1035 2912 hoc
1075 2852 1203 2911 loco
1239 2870 1432 2932 neque
1475 2851 1608 2910 aliis
1647 2859 1803 2911 certo
1842 2851 2155 2911 diiudicari
2186 2860 2395 2931 potest.
2465 2873 2605 2912 nam
2639 2851 2702 2910 id
2738 2856 2867 2931 qui·

694 2938 828 2998 dem
871 2941 1114 2997 minime
1160 2936 1536 2996 concedimus
1577 2936 1739 3016 quod
1781 2937 2173 2997 Baehrensius
2217 2937 2438 3016 proleg.
2481 2958 2539 3017 p.
2574 2937 2870 2997 XXXIX

694 3024 809 3083 sibi
843 3026 1149 3102 persuasit,
1186 3021 1326 3081 libri
1360 3021 1413 3082 Ο
1451 3030 1748 3082 auctorem
1783 3022 2051 3081 lectionis
2087 3024 2371 3082 varietate
2406 3022 2679 3099 neglecta
2713 3023 2866 3081 nihil

693 3112 933 3167 omnino
969 3109 1086 3166 nisi
1122 3107 1281 3186 quod
1312 3108 1372 3166 V
1403 3110 1469 3165 in
1512 3109 1643 3185 ipso
1677 3114 1848 3167 textu
1880 3107 2186 3186 praeberet
2221 3105 2616 3186 descripsisse.
2682 3111 2868 3166 immo

691 3196 796 3272 qui
832 3211 1034 3251 omnes
1067 3191 1226 3250 locos
1262 3191 1345 3250 ad
1376 3210 1506 3250 eam
1538 3211 1667 3251 rem
1698 3190 1941 3251 idoneos
1977 3192 2144 3251 nulla
2175 3201 2549 3270 praesumpta
2586 3195 2867 3272 opinione

693 3279 1138 3347 examinaverit,
1191 3296 1313 3334 non
1366 3280 1578 3354 poterit
1631 3280 1776 3356 quin
1826 3277 1996 3336 illum
2045 3296 2280 3357 quoque
2330 3277 2634 3337 librarium
2677 3296 2868 3357 aeque

693 3370 871 3441 atque
907 3380 1040 3420 eum
1073 3364 1176 3440 qui
1204 3360 1262 3421 G
1287 3360 1538 3420 confecit
1573 3361 1872 3421 interdum
1907 3361 2230 3441 duplicium
2264 3365 2330 3421 in
2355 3363 2414 3422 V
2445 3365 2866 3441 scripturarum

693 3447 985 3507 delectum
1018 3446 1296 3505 habuisse
1330 3452 1566 3518 statuat,
1612 3446 1772 3524 quod
1806 3453 2002 3506 tamen
2037 3447 2186 3505 nihil
2230 3455 2317 3506 est
2353 3468 2457 3506 cur
2488 3467 2609 3506 non
2644 3455 2868 3506 utrum-

693 3551 809 3613 que
841 3532 1001 3591 bona
1045 3530 1163 3590 fide
1206 3531 1416 3590 fecisse
1460 3531 1827 3591 arbitremur.
1899 3535 1984 3591 sic
2018 3551 2067 3591 c.
2102 3532 2392 3591 XXVIII
2430 3535 2527 3605 11,
2563 3531 2666 3591 ubi
2705 3532 2763 3593 Gr
2798 3535 2870 3592 in

690 3621 820 3697 ipso
854 3637 1030 3678 versu
1063 3615 1215 3675 falso
1243 3637 1468 3693 parum,
1506 3636 1682 3695 super
1715 3635 1892 3675 versu
1924 3624 2082 3676 recte
2109 3620 2250 3692 pari
2282 3615 2400 3690 dat,
2444 3616 2613 3675 illam
2646 3620 2871 3696 princi-

689 3703 886 3782 palem
919 3703 1233 3763 lectionem
1267 3702 1408 3760 libri
1441 3700 1501 3761 V
1534 3700 1718 3762 fuisse
1752 3709 1953 3760 nostro
1987 3705 2116 3761 iure
2159 3701 2302 3762 inde
2337 3701 2668 3780 colligimus
2703 3701 2870 3780 quod

689 3796 888 3848 textus
929 3788 1067 3847 libri
1103 3787 1494 3846 Bononiensis
1538 3786 1788 3846 eandem
1830 3790 2176 3846 varietatem
2221 3787 2464 3866 praebet
2504 3788 2616 3846 hoc
2659 3786 2868 3846 modo:

683 3894 893 3950 parum
935 3877 1011 3933 al.
1021 3875 1174 3949 pari,
1228 3875 1737 3952 recentiorumque
1780 3871 2048 3931 codicum
2092 3872 2264 3931 multi
2310 3893 2518 3948 parum
2562 3872 2868 3933 exhibent.

694 3965 756 4017 at
791 3958 844 4019 Ο
872 3961 1013 4034 pari
1042 3966 1305 4029 testatur,
1350 3960 1390 4015 i.
1428 3976 1476 4016 e.
1512 3956 1827 4017 lectionem
1864 3976 2016 4036 quae
2049 3960 2115 4015 in
2148 3958 2208 4016 V
2241 3957 2539 4035 adscripta
2572 3957 2766 4016 fuerat
2798 3961 2868 4017 in

693 4043 1004 4103 verborum
1040 4041 1307 4101 ordinem
1349 4045 1584 4120 recepit.
1658 4042 1930 4101 similiter
1965 4062 2013 4101 c.
2048 4041 2102 4099 L
2142 4043 2237 4114 13,
2285 4050 2351 4100 ut
2385 4041 2635 4101 alterum
2670 4061 2870 4102 exem·

690 4128 855 4207 plum
902 4128 1182 4200 adferam,
1239 4135 1298 4187 et
1343 4127 1400 4187 Gr
1445 4135 1504 4187 et
1544 4128 1938 4187 Bononiensis
1981 4126 2136 4186 hanc
2181 4126 2475 4206 duplicem
2518 4129 2869 4206 scripturam

690 4217 759 4273 in
807 4217 936 4293 ipso
990 4221 1157 4273 textu
1207 4212 1456 4272 habent:
1511 4231 1719 4271 omnem
1761 4216 1837 4271 al.
1852 4232 2041 4271 essem.
2130 4219 2189 4271 et
2229 4220 2424 4292 potest
2462 4212 2623 4273 idem
2658 4211 2869 4272 eodem
