<?xml version="1.0" encoding="UTF-8"?>
<!DOCTYPE html PUBLIC "-//W3C//DTD XHTML 1.0 Transitional//EN"
    "http://www.w3.org/TR/xhtml1/DTD/xhtml1-transitional.dtd">
<html xmlns="http://www.w3.org/1999/xhtml" xml:lang="en" lang="en">
 <head>
  <title>
</title>
<meta http-equiv="Content-Type" content="text/html;charset=utf-8" />
  <meta name='ocr-system' content='tesseract 3.04.00' />
  <meta name='ocr-capabilities' content='ocr_page ocr_carea ocr_par ocr_line ocrx_word'/>
</head>
<body>
  <div class='ocr_page' id='page_1' title='image "./cvalericatulliv00schmgoog_0017.png"; bbox 0 0 3225 5171; ppageno 0'>
   <div class='ocr_carea' id='block_1_1' title="bbox 1165 449 2483 494">
    <p class='ocr_par' dir='ltr' id='par_1_1' title="bbox 1165 449 2483 494">
     <span class='ocr_line' id='line_1_1' title="bbox 1165 449 2483 494; baseline -0.001 -2"><span class='ocrx_word' id='word_1_1' title='bbox 1165 449 1618 494; x_wconf 72' lang='lat' dir='ltr'><strong>PROLEGOMENA</strong></span> <span class='ocrx_word' id='word_1_2' title='bbox 2412 450 2483 491; x_wconf 77' lang='lat'><strong>11</strong></span> 
     </span>
    </p>
   </div>
   <div class='ocr_carea' id='block_1_2' title="bbox 293 567 2489 4295">
    <p class='ocr_par' dir='ltr' id='par_1_2' title="bbox 308 567 2482 732">
     <span class='ocr_line' id='line_1_2' title="bbox 310 567 2482 649; baseline -0.001 -20"><span class='ocrx_word' id='word_1_3' title='bbox 310 567 586 642; x_wconf 79' lang='lat' dir='ltr'>declarat,</span> <span class='ocrx_word' id='word_1_4' title='bbox 625 568 1082 649; x_wconf 86' lang='lat' dir='ltr'><strong>inlustraturque</strong></span> <span class='ocrx_word' id='word_1_5' title='bbox 1117 570 1252 630; x_wconf 85' lang='lat' dir='ltr'><strong>talis</strong></span> <span class='ocrx_word' id='word_1_6' title='bbox 1288 572 1514 646; x_wconf 85' lang='lat' dir='ltr'><strong>ingenii</strong></span> <span class='ocrx_word' id='word_1_7' title='bbox 1549 569 1801 630; x_wconf 82' lang='lat' dir='ltr'><strong>facultas</strong></span> <span class='ocrx_word' id='word_1_8' title='bbox 1834 568 2087 630; x_wconf 82' lang='lat' dir='ltr'><strong>Lesbiae</strong></span> <span class='ocrx_word' id='word_1_9' title='bbox 2120 570 2315 629; x_wconf 89' lang='lat' dir='ltr'><strong>iocoso</strong></span> <span class='ocrx_word' id='word_1_10' title='bbox 2350 571 2482 628; x_wconf 87' lang='lat' dir='ltr'><strong>eius</strong></span> 
     </span>
     <span class='ocr_line' id='line_1_3' title="bbox 308 655 1735 732; baseline -0.001 -19"><span class='ocrx_word' id='word_1_11' title='bbox 308 663 465 726; x_wconf 83' lang='lat' dir='ltr'><strong>voto,</strong></span> <span class='ocrx_word' id='word_1_12' title='bbox 506 656 671 713; x_wconf 90' lang='lat' dir='ltr'><strong>cuius</strong></span> <span class='ocrx_word' id='word_1_13' title='bbox 708 674 884 732; x_wconf 87' lang='lat' dir='ltr'><strong>supra</strong></span> <span class='ocrx_word' id='word_1_14' title='bbox 918 657 1277 716; x_wconf 83' lang='lat' dir='ltr'><strong>mentionem</strong></span> <span class='ocrx_word' id='word_1_15' title='bbox 1312 655 1735 714; x_wconf 86' lang='lat' dir='ltr'><strong>incohavimus</strong></span> 
     </span>
    </p>

    <p class='ocr_par' dir='ltr' id='par_1_3' title="bbox 293 738 2489 4295">
     <span class='ocr_line' id='line_1_4' title="bbox 433 738 2484 818; baseline 0 -21"><span class='ocrx_word' id='word_1_16' title='bbox 433 739 602 805; x_wconf 87' lang='lat' dir='ltr'><strong>His</strong></span> <span class='ocrx_word' id='word_1_17' title='bbox 585 761 647 797; x_wconf 84' lang='grc' dir='ltr'><strong>ιιι</strong></span> <span class='ocrx_word' id='word_1_18' title='bbox 683 742 1024 798; x_wconf 86' lang='lat' dir='ltr'><strong>universum</strong></span> <span class='ocrx_word' id='word_1_19' title='bbox 1062 742 1343 818; x_wconf 89' lang='lat' dir='ltr'><strong>expositis</strong></span> <span class='ocrx_word' id='word_1_20' title='bbox 1377 743 1562 799; x_wconf 90' lang='lat' dir='ltr'><strong>tutius</strong></span> <span class='ocrx_word' id='word_1_21' title='bbox 1598 743 1717 798; x_wconf 89' lang='lat' dir='ltr'><strong>iam</strong></span> <span class='ocrx_word' id='word_1_22' title='bbox 1767 738 1845 798; x_wconf 88' lang='lat' dir='ltr'><strong>ad</strong></span> <span class='ocrx_word' id='word_1_23' title='bbox 1880 739 2117 816; x_wconf 86' lang='lat' dir='ltr'><strong>singula</strong></span> <span class='ocrx_word' id='word_1_24' title='bbox 2149 747 2484 818; x_wconf 84' lang='lat' dir='ltr'><strong>temporum</strong></span> 
     </span>
     <span class='ocr_line' id='line_1_5' title="bbox 309 823 2484 905; baseline 0 -23"><span class='ocrx_word' id='word_1_25' title='bbox 309 823 529 896; x_wconf 82' lang='lat' dir='ltr'><strong>ordine,</strong></span> <span class='ocrx_word' id='word_1_26' title='bbox 567 824 764 903; x_wconf 89' lang='lat' dir='ltr'><strong>quoad</strong></span> <span class='ocrx_word' id='word_1_27' title='bbox 798 826 924 884; x_wconf 89' lang='lat' dir='ltr'><strong>eius</strong></span> <span class='ocrx_word' id='word_1_28' title='bbox 958 825 1085 885; x_wconf 91' lang='lat' dir='ltr'><strong>fieri</strong></span> <span class='ocrx_word' id='word_1_29' title='bbox 1112 827 1341 903; x_wconf 88' lang='lat' dir='ltr'><strong>poterit,</strong></span> <span class='ocrx_word' id='word_1_30' title='bbox 1379 825 1708 884; x_wconf 89' lang='lat' dir='ltr'><strong>enarranda</strong></span> <span class='ocrx_word' id='word_1_31' title='bbox 1735 825 1983 883; x_wconf 90' lang='lat' dir='ltr'><strong>transire</strong></span> <span class='ocrx_word' id='word_1_32' title='bbox 2008 825 2161 884; x_wconf 91' lang='lat' dir='ltr'><strong>licet.</strong></span> <span class='ocrx_word' id='word_1_33' title='bbox 2216 845 2484 905; x_wconf 84' lang='lat' dir='ltr'><strong>quonam</strong></span> 
     </span>
     <span class='ocr_line' id='line_1_6' title="bbox 306 908 2481 988; baseline 0 -21"><span class='ocrx_word' id='word_1_34' title='bbox 306 908 481 968; x_wconf 90' lang='lat' dir='ltr'><strong>modo</strong></span> <span class='ocrx_word' id='word_1_35' title='bbox 525 908 746 967; x_wconf 88' lang='lat' dir='ltr'><strong>factum</strong></span> <span class='ocrx_word' id='word_1_36' title='bbox 801 912 876 969; x_wconf 88' lang='lat' dir='ltr'><strong>sit</strong></span> <span class='ocrx_word' id='word_1_37' title='bbox 927 917 995 967; x_wconf 95' lang='lat' dir='ltr'><strong>ut</strong></span> <span class='ocrx_word' id='word_1_38' title='bbox 1038 908 1305 969; x_wconf 84' lang='lat' dir='ltr'>Catullus</span> <span class='ocrx_word' id='word_1_39' title='bbox 1348 910 1628 969; x_wconf 83' lang='lat' dir='ltr'><strong>Lesbiam</strong></span> <span class='ocrx_word' id='word_1_40' title='bbox 1670 911 1922 988; x_wconf 88' lang='lat' dir='ltr'><strong>primum</strong></span> <span class='ocrx_word' id='word_1_41' title='bbox 1971 911 2333 988; x_wconf 80' lang='lat' dir='ltr'><strong>conspiceret</strong></span> <span class='ocrx_word' id='word_1_42' title='bbox 2373 929 2481 968; x_wconf 90' lang='lat' dir='ltr'><strong>no·-</strong></span> 
     </span>
     <span class='ocr_line' id='line_1_7' title="bbox 307 993 2482 1074; baseline 0 -22"><span class='ocrx_word' id='word_1_43' title='bbox 307 1002 628 1074; x_wconf 89' lang='lat' dir='ltr'><strong>sceretque,</strong></span> <span class='ocrx_word' id='word_1_44' title='bbox 669 996 778 1053; x_wconf 88' lang='lat' dir='ltr'><strong>etsi</strong></span> <span class='ocrx_word' id='word_1_45' title='bbox 814 995 983 1054; x_wconf 88' lang='lat' dir='ltr'><strong>nobis</strong></span> <span class='ocrx_word' id='word_1_46' title='bbox 1019 1015 1139 1053; x_wconf 94' lang='lat' dir='ltr'><strong>non</strong></span> <span class='ocrx_word' id='word_1_47' title='bbox 1173 994 1440 1068; x_wconf 86' lang='lat' dir='ltr'><strong>traditur,</strong></span> <span class='ocrx_word' id='word_1_48' title='bbox 1487 999 1616 1054; x_wconf 87' lang='lat' dir='ltr'><strong>veri</strong></span> <span class='ocrx_word' id='word_1_49' title='bbox 1648 1003 1846 1053; x_wconf 90' lang='lat' dir='ltr'><strong>tamen</strong></span> <span class='ocrx_word' id='word_1_50' title='bbox 1883 995 2071 1053; x_wconf 90' lang='lat' dir='ltr'><strong>simile</strong></span> <span class='ocrx_word' id='word_1_51' title='bbox 2107 1002 2196 1052; x_wconf 87' lang='lat' dir='ltr'><strong>est</strong></span> <span class='ocrx_word' id='word_1_52' title='bbox 2230 1013 2362 1054; x_wconf 90' lang='lat' dir='ltr'><strong>eum</strong></span> <span class='ocrx_word' id='word_1_53' title='bbox 2399 993 2482 1052; x_wconf 63' lang='lat' dir='ltr'><strong>a&amp;</strong></span> 
     </span>
     <span class='ocr_line' id='line_1_8' title="bbox 308 1077 2471 1159; baseline 0 -22"><span class='ocrx_word' id='word_1_54' title='bbox 308 1080 618 1155; x_wconf 85' lang='lat' dir='ltr'><strong>coniugem</strong></span> <span class='ocrx_word' id='word_1_55' title='bbox 653 1079 813 1138; x_wconf 91' lang='lat' dir='ltr'><strong>illius</strong></span> <span class='ocrx_word' id='word_1_56' title='bbox 849 1078 1242 1138; x_wconf 90' lang='lat' dir='ltr'><strong>introductum</strong></span> <span class='ocrx_word' id='word_1_57' title='bbox 1278 1099 1421 1138; x_wconf 89' lang='lat' dir='ltr'><strong>esse.</strong></span> <span class='ocrx_word' id='word_1_58' title='bbox 1476 1100 1833 1159; x_wconf 88' lang='lat' dir='ltr'><strong>quamquam</strong></span> <span class='ocrx_word' id='word_1_59' title='bbox 1870 1097 1945 1137; x_wconf 85' lang='lat' dir='ltr'><strong>ex</strong></span> <span class='ocrx_word' id='word_1_60' title='bbox 1980 1100 2028 1138; x_wconf 91' lang='lat' dir='ltr'><strong>c.</strong></span> <span class='ocrx_word' id='word_1_61' title='bbox 2055 1077 2401 1137; x_wconf 89' lang='lat' dir='ltr'>LXXXIII</span> <span class='ocrx_word' id='word_1_62' title='bbox 2438 1082 2471 1136; x_wconf 89' lang='lat'>1</span> 
     </span>
     <span class='ocr_line' id='line_1_9' title="bbox 305 1163 2488 1244; baseline 0.001 -23"><span class='ocrx_word' id='word_1_63' title='bbox 305 1165 526 1223; x_wconf 90' lang='lat' dir='ltr'><strong>iniuria</strong></span> <span class='ocrx_word' id='word_1_64' title='bbox 568 1164 682 1223; x_wconf 93' lang='lat' dir='ltr'><strong>hoc</strong></span> <span class='ocrx_word' id='word_1_65' title='bbox 726 1163 1035 1240; x_wconf 82' lang='lat' dir='ltr'><strong>colligitur.</strong></span> <span class='ocrx_word' id='word_1_66' title='bbox 1104 1165 1209 1224; x_wconf 89' lang='lat' dir='ltr'><strong>ubi</strong></span> <span class='ocrx_word' id='word_1_67' title='bbox 1252 1163 1411 1244; x_wconf 90' lang='lat' dir='ltr'><strong>quod</strong></span> <span class='ocrx_word' id='word_1_68' title='bbox 1452 1173 1629 1243; x_wconf 91' lang='lat' dir='ltr'><strong>poeta</strong></span> <span class='ocrx_word' id='word_1_69' title='bbox 1671 1164 1950 1223; x_wconf 81' lang='lat' dir='ltr'><strong>Lesbiam</strong></span> <span class='ocrx_word' id='word_1_70' title='bbox 2003 1165 2117 1223; x_wconf 84' lang='lat' dir='ltr'><strong>sibi</strong></span> <span class='ocrx_word' id='word_1_71' title='bbox 2169 1172 2488 1242; x_wconf 73' lang='lat' dir='ltr'><strong>praesente</strong></span> 
     </span>
     <span class='ocr_line' id='line_1_10' title="bbox 305 1247 2476 1327; baseline 0.001 -21"><span class='ocrx_word' id='word_1_72' title='bbox 305 1251 433 1306; x_wconf 85' lang='lat' dir='ltr'><strong>viro</strong></span> <span class='ocrx_word' id='word_1_73' title='bbox 469 1248 628 1307; x_wconf 88' lang='lat' dir='ltr'><strong>mala</strong></span> <span class='ocrx_word' id='word_1_74' title='bbox 669 1247 925 1327; x_wconf 87' lang='lat' dir='ltr'><strong>plurima</strong></span> <span class='ocrx_word' id='word_1_75' title='bbox 969 1248 1161 1309; x_wconf 85' lang='lat' dir='ltr'><strong>dicere</strong></span> <span class='ocrx_word' id='word_1_76' title='bbox 1205 1257 1418 1322; x_wconf 87' lang='lat' dir='ltr'><strong>narrat,</strong></span> <span class='ocrx_word' id='word_1_77' title='bbox 1465 1249 1528 1307; x_wconf 87' lang='lat' dir='ltr'><strong>id</strong></span> <span class='ocrx_word' id='word_1_78' title='bbox 1572 1270 1693 1308; x_wconf 91' lang='lat' dir='ltr'><strong>non</strong></span> <span class='ocrx_word' id='word_1_79' title='bbox 1736 1251 1822 1307; x_wconf 87' lang='lat' dir='ltr'><strong>ita</strong></span> <span class='ocrx_word' id='word_1_80' title='bbox 1863 1248 2326 1325; x_wconf 85' lang='lat' dir='ltr'><strong>intellegendum</strong></span> <span class='ocrx_word' id='word_1_81' title='bbox 2371 1248 2476 1322; x_wconf 87' lang='lat' dir='ltr'><strong>est,</strong></span> 
     </span>
     <span class='ocr_line' id='line_1_11' title="bbox 304 1332 2481 1412; baseline 0.001 -22"><span class='ocrx_word' id='word_1_82' title='bbox 304 1341 607 1412; x_wconf 87' lang='lat' dir='ltr'><strong>tamquam</strong></span> <span class='ocrx_word' id='word_1_83' title='bbox 651 1352 722 1393; x_wconf 90' lang='lat' dir='ltr'><strong>ea</strong></span> <span class='ocrx_word' id='word_1_84' title='bbox 764 1332 998 1393; x_wconf 89' lang='lat' dir='ltr'><strong>visendi</strong></span> <span class='ocrx_word' id='word_1_85' title='bbox 1049 1337 1242 1410; x_wconf 86' lang='lat' dir='ltr'><strong>gratia</strong></span> <span class='ocrx_word' id='word_1_86' title='bbox 1285 1333 1521 1393; x_wconf 90' lang='lat' dir='ltr'><strong>domum</strong></span> <span class='ocrx_word' id='word_1_87' title='bbox 1573 1336 1770 1394; x_wconf 88' lang='lat' dir='ltr'><strong>mariti</strong></span> <span class='ocrx_word' id='word_1_88' title='bbox 1823 1336 1913 1392; x_wconf 91' lang='lat' dir='ltr'><strong>sui</strong></span> <span class='ocrx_word' id='word_1_89' title='bbox 1962 1335 2225 1410; x_wconf 86' lang='lat' dir='ltr'><strong>ingresso</strong></span> <span class='ocrx_word' id='word_1_90' title='bbox 2280 1353 2481 1393; x_wconf 84' lang='lat' dir='ltr'><strong>coram</strong></span> 
     </span>
     <span class='ocr_line' id='line_1_12' title="bbox 305 1417 2476 1498; baseline 0 -22"><span class='ocrx_word' id='word_1_91' title='bbox 305 1418 708 1487; x_wconf 78' lang='lat' dir='ltr'><strong>maledixerit3</strong></span> <span class='ocrx_word' id='word_1_92' title='bbox 765 1421 860 1477; x_wconf 90' lang='lat' dir='ltr'><strong>cui</strong></span> <span class='ocrx_word' id='word_1_93' title='bbox 913 1417 1149 1497; x_wconf 85' lang='lat' dir='ltr'><strong>quidem</strong></span> <span class='ocrx_word' id='word_1_94' title='bbox 1202 1422 1673 1498; x_wconf 84' lang='lat' dir='ltr'><strong>interpretationi</strong></span> <span class='ocrx_word' id='word_1_95' title='bbox 1725 1421 1838 1477; x_wconf 89' lang='lat' dir='ltr'><strong>ista</strong></span> <span class='ocrx_word' id='word_1_96' title='bbox 1889 1438 2040 1497; x_wconf 89' lang='lat' dir='ltr'><strong>quae</strong></span> <span class='ocrx_word' id='word_1_97' title='bbox 2084 1438 2137 1478; x_wconf 89' lang='lat' dir='ltr'><strong>v.</strong></span> <span class='ocrx_word' id='word_1_98' title='bbox 2178 1421 2214 1477; x_wconf 91' lang='lat'><strong>3</strong></span> <span class='ocrx_word' id='word_1_99' title='bbox 2262 1426 2321 1478; x_wconf 94' lang='lat' dir='ltr'><strong>et</strong></span> <span class='ocrx_word' id='word_1_100' title='bbox 2364 1420 2400 1477; x_wconf 86' lang='lat'>5</span> <span class='ocrx_word' id='word_1_101' title='bbox 2431 1438 2476 1477; x_wconf 90' lang='lat' dir='ltr'><strong>s.</strong></span> 
     </span>
     <span class='ocr_line' id='line_1_13' title="bbox 304 1502 2489 1583; baseline 0.001 -23"><span class='ocrx_word' id='word_1_102' title='bbox 304 1502 583 1579; x_wconf 88' lang='lat' dir='ltr'><strong>leguntur</strong></span> <span class='ocrx_word' id='word_1_103' title='bbox 624 1512 983 1581; x_wconf 86' lang='lat' dir='ltr'><strong>repugnant,</strong></span> <span class='ocrx_word' id='word_1_104' title='bbox 1038 1505 1123 1562; x_wconf 91' lang='lat' dir='ltr'><strong>ita</strong></span> <span class='ocrx_word' id='word_1_105' title='bbox 1174 1511 1242 1562; x_wconf 90' lang='lat' dir='ltr'><strong>ut</strong></span> <span class='ocrx_word' id='word_1_106' title='bbox 1281 1504 1357 1563; x_wconf 91' lang='lat' dir='ltr'><strong>ab</strong></span> <span class='ocrx_word' id='word_1_107' title='bbox 1402 1507 1607 1563; x_wconf 90' lang='lat' dir='ltr'><strong>amicis</strong></span> <span class='ocrx_word' id='word_1_108' title='bbox 1652 1505 1846 1583; x_wconf 89' lang='lat' dir='ltr'><strong>potius</strong></span> <span class='ocrx_word' id='word_1_109' title='bbox 1890 1503 1966 1562; x_wconf 93' lang='lat' dir='ltr'><strong>de</strong></span> <span class='ocrx_word' id='word_1_110' title='bbox 2007 1504 2262 1563; x_wconf 87' lang='lat' dir='ltr'><strong>Lesbiae</strong></span> <span class='ocrx_word' id='word_1_111' title='bbox 2305 1506 2370 1562; x_wconf 90' lang='lat' dir='ltr'><strong>in</strong></span> <span class='ocrx_word' id='word_1_112' title='bbox 2413 1523 2489 1563; x_wconf 72' lang='lat' dir='ltr'><strong>se</strong></span> 
     </span>
     <span class='ocr_line' id='line_1_14' title="bbox 308 1587 2477 1667; baseline 0.001 -22"><span class='ocrx_word' id='word_1_113' title='bbox 308 1590 589 1647; x_wconf 87' lang='lat' dir='ltr'><strong>conviciis</strong></span> <span class='ocrx_word' id='word_1_114' title='bbox 626 1591 977 1666; x_wconf 88' lang='lat' dir='ltr'><strong>comperisse</strong></span> <span class='ocrx_word' id='word_1_115' title='bbox 1015 1587 1315 1648; x_wconf 84' lang='lat' dir='ltr'><strong>Catullum</strong></span> <span class='ocrx_word' id='word_1_116' title='bbox 1350 1589 1699 1648; x_wconf 90' lang='lat' dir='ltr'><strong>sumendum</strong></span> <span class='ocrx_word' id='word_1_117' title='bbox 1743 1591 1834 1647; x_wconf 89' lang='lat' dir='ltr'><strong>sit.</strong></span> <span class='ocrx_word' id='word_1_118' title='bbox 1907 1587 2012 1647; x_wconf 90' lang='lat' dir='ltr'><strong>sed</strong></span> <span class='ocrx_word' id='word_1_119' title='bbox 2055 1592 2156 1667; x_wconf 91' lang='lat' dir='ltr'><strong>qui</strong></span> <span class='ocrx_word' id='word_1_120' title='bbox 2201 1591 2477 1647; x_wconf 80' lang='lat' dir='ltr'><strong>carminis</strong></span> 
     </span>
     <span class='ocr_line' id='line_1_15' title="bbox 304 1672 2474 1752; baseline 0.001 -22"><span class='ocrx_word' id='word_1_121' title='bbox 304 1672 495 1730; x_wconf 92' lang='lat' dir='ltr'><strong>XXX</strong></span> <span class='ocrx_word' id='word_1_122' title='bbox 545 1675 833 1732; x_wconf 86' lang='lat' dir='ltr'><strong>rationem</strong></span> <span class='ocrx_word' id='word_1_123' title='bbox 885 1673 1068 1752; x_wconf 87' lang='lat' dir='ltr'><strong>probe</strong></span> <span class='ocrx_word' id='word_1_124' title='bbox 1123 1682 1487 1752; x_wconf 83' lang='lat' dir='ltr'><strong>perspectam</strong></span> <span class='ocrx_word' id='word_1_125' title='bbox 1546 1674 1727 1734; x_wconf 87' lang='lat' dir='ltr'><strong>habet</strong></span> <span class='ocrx_word' id='word_1_126' title='bbox 1766 1705 1853 1714; x_wconf 93' lang='lat'><strong>—</strong></span> <span class='ocrx_word' id='word_1_127' title='bbox 1895 1673 2217 1751; x_wconf 85' lang='lat' dir='ltr'><strong>explicavit</strong></span> <span class='ocrx_word' id='word_1_128' title='bbox 2277 1682 2474 1734; x_wconf 89' lang='lat' dir='ltr'><strong>autem</strong></span> 
     </span>
     <span class='ocr_line' id='line_1_16' title="bbox 307 1758 2487 1837; baseline 0 -21"><span class='ocrx_word' id='word_1_129' title='bbox 307 1776 438 1816; x_wconf 87' lang='lat' dir='ltr'><strong>eam</strong></span> <span class='ocrx_word' id='word_1_130' title='bbox 480 1760 546 1816; x_wconf 91' lang='lat' dir='ltr'><strong>in</strong></span> <span class='ocrx_word' id='word_1_131' title='bbox 587 1760 928 1818; x_wconf 86' lang='lat' dir='ltr'><strong>universum</strong></span> <span class='ocrx_word' id='word_1_132' title='bbox 970 1760 1291 1818; x_wconf 83' lang='lat' dir='ltr'><strong>rectissime</strong></span> <span class='ocrx_word' id='word_1_133' title='bbox 1324 1758 1638 1837; x_wconf 89' lang='lat' dir='ltr'><strong>Adolphus</strong></span> <span class='ocrx_word' id='word_1_134' title='bbox 1679 1758 2079 1836; x_wconf 84' lang='lat' dir='ltr'><strong>Kiesslingius</strong></span> <span class='ocrx_word' id='word_1_135' title='bbox 2124 1766 2487 1818; x_wconf 85' lang='lat' dir='ltr'><strong>commenta--</strong></span> 
     </span>
     <span class='ocr_line' id='line_1_17' title="bbox 303 1842 2481 1922; baseline 0 -23"><span class='ocrx_word' id='word_1_136' title='bbox 303 1844 532 1900; x_wconf 90' lang='lat' dir='ltr'><strong>tionum</strong></span> <span class='ocrx_word' id='word_1_137' title='bbox 573 1844 637 1901; x_wconf 91' lang='lat' dir='ltr'><strong>in</strong></span> <span class='ocrx_word' id='word_1_138' title='bbox 681 1842 960 1902; x_wconf 89' lang='lat' dir='ltr'><strong>honorem</strong></span> <span class='ocrx_word' id='word_1_139' title='bbox 997 1843 1294 1902; x_wconf 85' lang='lat' dir='ltr'><strong>Theodori</strong></span> <span class='ocrx_word' id='word_1_140' title='bbox 1328 1845 1681 1904; x_wconf 91' lang='lat' dir='ltr'><strong>Mommseni</strong></span> <span class='ocrx_word' id='word_1_141' title='bbox 1723 1845 2070 1921; x_wconf 88' lang='lat' dir='ltr'><strong>scriptarum</strong></span> <span class='ocrx_word' id='word_1_142' title='bbox 2115 1865 2171 1922; x_wconf 91' lang='lat' dir='ltr'><strong>p.</strong></span> <span class='ocrx_word' id='word_1_143' title='bbox 2210 1844 2333 1902; x_wconf 87' lang='lat'><strong>354</strong></span> <span class='ocrx_word' id='word_1_144' title='bbox 2368 1876 2481 1917; x_wconf 59' lang='lat'><strong>—,„</strong></span> 
     </span>
     <span class='ocr_line' id='line_1_18' title="bbox 304 1927 2486 2008; baseline 0.002 -24"><span class='ocrx_word' id='word_1_145' title='bbox 304 1929 356 1984; x_wconf 90' lang='lat' dir='ltr'><strong>is</strong></span> <span class='ocrx_word' id='word_1_146' title='bbox 400 1929 505 1985; x_wconf 87' lang='lat' dir='ltr'><strong>vix</strong></span> <span class='ocrx_word' id='word_1_147' title='bbox 548 1927 843 1987; x_wconf 87' lang='lat' dir='ltr'><strong>dubitabit</strong></span> <span class='ocrx_word' id='word_1_148' title='bbox 886 1930 1030 2008; x_wconf 87' lang='lat' dir='ltr'><strong>quin</strong></span> <span class='ocrx_word' id='word_1_149' title='bbox 1072 1927 1355 2001; x_wconf 81' lang='lat' dir='ltr'><strong>AlfenuS,</strong></span> <span class='ocrx_word' id='word_1_150' title='bbox 1411 1948 1586 2008; x_wconf 92' lang='lat' dir='ltr'><strong>quem</strong></span> <span class='ocrx_word' id='word_1_151' title='bbox 1630 1929 1699 1986; x_wconf 90' lang='lat' dir='ltr'><strong>P.</strong></span> <span class='ocrx_word' id='word_1_152' title='bbox 1736 1927 2023 1988; x_wconf 88' lang='lat' dir='ltr'><strong>Alfenum</strong></span> <span class='ocrx_word' id='word_1_153' title='bbox 2064 1929 2288 1989; x_wconf 89' lang='lat' dir='ltr'><strong>Varum</strong></span> <span class='ocrx_word' id='word_1_154' title='bbox 2335 1928 2486 1989; x_wconf 64' lang='lat' dir='ltr'><strong>Ore-2</strong></span> 
     </span>
     <span class='ocr_line' id='line_1_19' title="bbox 303 2012 2476 2091; baseline 0.001 -22"><span class='ocrx_word' id='word_1_155' title='bbox 303 2031 660 2085; x_wconf 89' lang='lat' dir='ltr'><strong>monensem,</strong></span> <span class='ocrx_word' id='word_1_156' title='bbox 696 2012 1173 2072; x_wconf 89' lang='lat' dir='ltr'><strong>iurisconsultum</strong></span> <span class='ocrx_word' id='word_1_157' title='bbox 1210 2014 1612 2086; x_wconf 89' lang='lat' dir='ltr'><strong>clarissimum,</strong></span> <span class='ocrx_word' id='word_1_158' title='bbox 1652 2031 1778 2072; x_wconf 88' lang='lat' dir='ltr'><strong>esse</strong></span> <span class='ocrx_word' id='word_1_159' title='bbox 1812 2015 2019 2073; x_wconf 90' lang='lat' dir='ltr'><strong>merito</strong></span> <span class='ocrx_word' id='word_1_160' title='bbox 2057 2012 2325 2086; x_wconf 90' lang='lat' dir='ltr'><strong>credunt,</strong></span> <span class='ocrx_word' id='word_1_161' title='bbox 2372 2032 2476 2091; x_wconf 50' lang='lat' dir='ltr'><strong>po*</strong></span> 
     </span>
     <span class='ocr_line' id='line_1_20' title="bbox 302 2094 2477 2175; baseline 0.001 -21"><span class='ocrx_word' id='word_1_162' title='bbox 302 2095 570 2174; x_wconf 89' lang='lat' dir='ltr'><strong>pularem</strong></span> <span class='ocrx_word' id='word_1_163' title='bbox 613 2117 783 2157; x_wconf 88' lang='lat' dir='ltr'><strong>suum</strong></span> <span class='ocrx_word' id='word_1_164' title='bbox 836 2097 913 2156; x_wconf 90' lang='lat' dir='ltr'><strong>ad</strong></span> <span class='ocrx_word' id='word_1_165' title='bbox 955 2097 1235 2157; x_wconf 90' lang='lat' dir='ltr'><strong>Lesbiam</strong></span> <span class='ocrx_word' id='word_1_166' title='bbox 1281 2097 1591 2158; x_wconf 84' lang='lat' dir='ltr'><strong>deduxerit</strong></span> <span class='ocrx_word' id='word_1_167' title='bbox 1644 2094 1823 2171; x_wconf 88' lang='lat' dir='ltr'><strong>(conf.</strong></span> <span class='ocrx_word' id='word_1_168' title='bbox 1877 2105 2111 2175; x_wconf 90' lang='lat' dir='ltr'><strong>praeter</strong></span> <span class='ocrx_word' id='word_1_169' title='bbox 2148 2117 2204 2155; x_wconf 85' lang='lat' dir='ltr'><strong>v.</strong></span> <span class='ocrx_word' id='word_1_170' title='bbox 2253 2101 2289 2157; x_wconf 83' lang='lat'>7</span> <span class='ocrx_word' id='word_1_171' title='bbox 2320 2116 2362 2155; x_wconf 92' lang='lat' dir='ltr'><strong>s.</strong></span> <span class='ocrx_word' id='word_1_172' title='bbox 2407 2100 2477 2156; x_wconf 84' lang='lat' dir='ltr'><strong>in</strong></span> 
     </span>
     <span class='ocr_line' id='line_1_21' title="bbox 302 2180 2472 2260; baseline 0.001 -22"><span class='ocrx_word' id='word_1_173' title='bbox 302 2183 507 2260; x_wconf 87' lang='lat' dir='ltr'><strong>primis</strong></span> <span class='ocrx_word' id='word_1_174' title='bbox 542 2183 726 2242; x_wconf 88' lang='lat' dir='ltr'><strong>verba</strong></span> <span class='ocrx_word' id='word_1_175' title='bbox 770 2182 897 2241; x_wconf 91' lang='lat' dir='ltr'><strong>‘tua</strong></span> <span class='ocrx_word' id='word_1_176' title='bbox 932 2181 1088 2240; x_wconf 90' lang='lat' dir='ltr'><strong>dicta</strong></span> <span class='ocrx_word' id='word_1_177' title='bbox 1132 2184 1329 2241; x_wconf 89' lang='lat' dir='ltr'><strong>omnia</strong></span> <span class='ocrx_word' id='word_1_178' title='bbox 1372 2182 1733 2260; x_wconf 87' lang='lat' dir='ltr'><strong>factaque’</strong></span> <span class='ocrx_word' id='word_1_179' title='bbox 1770 2203 1825 2240; x_wconf 85' lang='lat' dir='ltr'><strong>v.</strong></span> <span class='ocrx_word' id='word_1_180' title='bbox 1866 2180 1958 2256; x_wconf 84' lang='lat'><strong>9):</strong></span> <span class='ocrx_word' id='word_1_181' title='bbox 2012 2190 2165 2241; x_wconf 86' lang='lat' dir='ltr'><strong>certe</strong></span> <span class='ocrx_word' id='word_1_182' title='bbox 2212 2184 2263 2241; x_wconf 90' lang='lat' dir='ltr'><strong>is</strong></span> <span class='ocrx_word' id='word_1_183' title='bbox 2307 2201 2472 2260; x_wconf 89' lang='lat' dir='ltr'><strong>spem</strong></span> 
     </span>
     <span class='ocr_line' id='line_1_22' title="bbox 301 2265 2473 2346; baseline 0.001 -22"><span class='ocrx_word' id='word_1_184' title='bbox 301 2265 477 2326; x_wconf 91' lang='lat' dir='ltr'><strong>huius</strong></span> <span class='ocrx_word' id='word_1_185' title='bbox 523 2266 785 2327; x_wconf 91' lang='lat' dir='ltr'><strong>mulieris</strong></span> <span class='ocrx_word' id='word_1_186' title='bbox 829 2268 943 2326; x_wconf 88' lang='lat' dir='ltr'><strong>sibi</strong></span> <span class='ocrx_word' id='word_1_187' title='bbox 989 2266 1391 2326; x_wconf 90' lang='lat' dir='ltr'><strong>conciliandae</strong></span> <span class='ocrx_word' id='word_1_188' title='bbox 1427 2266 1662 2327; x_wconf 83' lang='lat' dir='ltr'><strong>Catullo</strong></span> <span class='ocrx_word' id='word_1_189' title='bbox 1707 2266 1972 2326; x_wconf 87' lang='lat' dir='ltr'><strong>attulisse</strong></span> <span class='ocrx_word' id='word_1_190' title='bbox 2015 2287 2304 2346; x_wconf 89' lang='lat' dir='ltr'><strong>suumque</strong></span> <span class='ocrx_word' id='word_1_191' title='bbox 2344 2269 2473 2346; x_wconf 87' lang='lat' dir='ltr'><strong>ipse</strong></span> 
     </span>
     <span class='ocr_line' id='line_1_23' title="bbox 300 2351 2472 2430; baseline 0 -21"><span class='ocrx_word' id='word_1_192' title='bbox 300 2351 366 2409; x_wconf 88' lang='lat' dir='ltr'><strong>in</strong></span> <span class='ocrx_word' id='word_1_193' title='bbox 411 2370 482 2411; x_wconf 90' lang='lat' dir='ltr'><strong>ea</strong></span> <span class='ocrx_word' id='word_1_194' title='bbox 522 2371 587 2411; x_wconf 87' lang='lat' dir='ltr'><strong>re</strong></span> <span class='ocrx_word' id='word_1_195' title='bbox 630 2351 935 2423; x_wconf 85' lang='lat' dir='ltr'><strong>auxilium,</strong></span> <span class='ocrx_word' id='word_1_196' title='bbox 983 2353 1033 2409; x_wconf 90' lang='lat' dir='ltr'><strong>si</strong></span> <span class='ocrx_word' id='word_1_197' title='bbox 1077 2371 1192 2430; x_wconf 89' lang='lat' dir='ltr'><strong>quo</strong></span> <span class='ocrx_word' id='word_1_198' title='bbox 1238 2371 1385 2430; x_wconf 90' lang='lat' dir='ltr'><strong>opus</strong></span> <span class='ocrx_word' id='word_1_199' title='bbox 1427 2351 1593 2424; x_wconf 87' lang='lat' dir='ltr'><strong>foret,</strong></span> <span class='ocrx_word' id='word_1_200' title='bbox 1640 2355 1974 2430; x_wconf 88' lang='lat' dir='ltr'><strong>promisisse</strong></span> <span class='ocrx_word' id='word_1_201' title='bbox 2015 2352 2313 2430; x_wconf 85' lang='lat' dir='ltr'><strong>putandus</strong></span> <span class='ocrx_word' id='word_1_202' title='bbox 2365 2361 2472 2412; x_wconf 76' lang='lat' dir='ltr'><strong>est.</strong></span> 
     </span>
     <span class='ocr_line' id='line_1_24' title="bbox 301 2435 2478 2513; baseline 0.001 -19"><span class='ocrx_word' id='word_1_203' title='bbox 301 2455 667 2513; x_wconf 89' lang='lat' dir='ltr'><strong>consequens</strong></span> <span class='ocrx_word' id='word_1_204' title='bbox 702 2443 896 2495; x_wconf 90' lang='lat' dir='ltr'><strong>autem</strong></span> <span class='ocrx_word' id='word_1_205' title='bbox 933 2444 1057 2495; x_wconf 89' lang='lat' dir='ltr'><strong>erat</strong></span> <span class='ocrx_word' id='word_1_206' title='bbox 1089 2443 1157 2493; x_wconf 88' lang='lat' dir='ltr'><strong>ut</strong></span> <span class='ocrx_word' id='word_1_207' title='bbox 1197 2435 1458 2496; x_wconf 83' lang='lat' dir='ltr'><strong>fervidus</strong></span> <span class='ocrx_word' id='word_1_208' title='bbox 1485 2436 1875 2496; x_wconf 89' lang='lat' dir='ltr'><strong>adulescentis</strong></span> <span class='ocrx_word' id='word_1_209' title='bbox 1903 2440 2134 2497; x_wconf 91' lang='lat' dir='ltr'><strong>animus</strong></span> <span class='ocrx_word' id='word_1_210' title='bbox 2160 2447 2478 2497; x_wconf 78' lang='lat' dir='ltr'><strong>venustate</strong></span> 
     </span>
     <span class='ocr_line' id='line_1_25' title="bbox 300 2519 2467 2601; baseline 0.001 -22"><span class='ocrx_word' id='word_1_211' title='bbox 300 2519 555 2580; x_wconf 91' lang='lat' dir='ltr'><strong>Lesbiae</strong></span> <span class='ocrx_word' id='word_1_212' title='bbox 597 2520 897 2580; x_wconf 89' lang='lat' dir='ltr'><strong>celerrime</strong></span> <span class='ocrx_word' id='word_1_213' title='bbox 953 2528 1268 2600; x_wconf 89' lang='lat' dir='ltr'><strong>caperetur.</strong></span> <span class='ocrx_word' id='word_1_214' title='bbox 1342 2525 1508 2580; x_wconf 88' lang='lat' dir='ltr'><strong>cuius</strong></span> <span class='ocrx_word' id='word_1_215' title='bbox 1561 2525 1813 2600; x_wconf 85' lang='lat' dir='ltr'><strong>gratiam</strong></span> <span class='ocrx_word' id='word_1_216' title='bbox 1863 2531 1930 2581; x_wconf 89' lang='lat' dir='ltr'><strong>ut</strong></span> <span class='ocrx_word' id='word_1_217' title='bbox 1981 2523 2094 2582; x_wconf 87' lang='lat' dir='ltr'><strong>sibi</strong></span> <span class='ocrx_word' id='word_1_218' title='bbox 2147 2522 2467 2601; x_wconf 85' lang='lat' dir='ltr'><strong>colligeret,</strong></span> 
     </span>
     <span class='ocr_line' id='line_1_26' title="bbox 299 2605 2470 2687; baseline 0.002 -23"><span class='ocrx_word' id='word_1_219' title='bbox 299 2607 461 2665; x_wconf 85' lang='lat' dir='ltr'><strong>misit</strong></span> <span class='ocrx_word' id='word_1_220' title='bbox 504 2609 559 2665; x_wconf 92' lang='lat' dir='ltr'><strong>ei</strong></span> <span class='ocrx_word' id='word_1_221' title='bbox 603 2627 648 2665; x_wconf 91' lang='lat' dir='ltr'><strong>c.</strong></span> <span class='ocrx_word' id='word_1_222' title='bbox 686 2605 776 2665; x_wconf 94' lang='lat' dir='ltr'>LI</span> <span class='ocrx_word' id='word_1_223' title='bbox 811 2626 844 2666; x_wconf 88' lang='lat' dir='ltr'><strong>e</strong></span> <span class='ocrx_word' id='word_1_224' title='bbox 877 2606 1117 2685; x_wconf 85' lang='lat' dir='ltr'><strong>Sappho</strong></span> <span class='ocrx_word' id='word_1_225' title='bbox 1162 2625 1525 2685; x_wconf 85' lang='lat' dir='ltr'><strong>expressum,</strong></span> <span class='ocrx_word' id='word_1_226' title='bbox 1580 2628 1697 2687; x_wconf 87' lang='lat' dir='ltr'><strong>quo</strong></span> <span class='ocrx_word' id='word_1_227' title='bbox 1748 2629 2004 2669; x_wconf 89' lang='lat' dir='ltr'><strong>amorem</strong></span> <span class='ocrx_word' id='word_1_228' title='bbox 2049 2628 2219 2667; x_wconf 90' lang='lat' dir='ltr'><strong>suum</strong></span> <span class='ocrx_word' id='word_1_229' title='bbox 2262 2607 2470 2668; x_wconf 87' lang='lat' dir='ltr'><strong>arden-</strong></span> 
     </span>
     <span class='ocr_line' id='line_1_27' title="bbox 300 2691 2470 2771; baseline 0.001 -22"><span class='ocrx_word' id='word_1_230' title='bbox 300 2693 588 2750; x_wconf 89' lang='lat' dir='ltr'><strong>tissimum</strong></span> <span class='ocrx_word' id='word_1_231' title='bbox 622 2691 808 2751; x_wconf 87' lang='lat' dir='ltr'><strong>libere</strong></span> <span class='ocrx_word' id='word_1_232' title='bbox 851 2692 1176 2752; x_wconf 88' lang='lat' dir='ltr'><strong>confitetur.</strong></span> <span class='ocrx_word' id='word_1_233' title='bbox 1245 2710 1357 2751; x_wconf 91' lang='lat' dir='ltr'><strong>nec</strong></span> <span class='ocrx_word' id='word_1_234' title='bbox 1399 2692 1583 2751; x_wconf 90' lang='lat' dir='ltr'><strong>multo</strong></span> <span class='ocrx_word' id='word_1_235' title='bbox 1627 2701 1762 2771; x_wconf 89' lang='lat' dir='ltr'><strong>post</strong></span> <span class='ocrx_word' id='word_1_236' title='bbox 1806 2692 1921 2753; x_wconf 90' lang='lat' dir='ltr'><strong>duo</strong></span> <span class='ocrx_word' id='word_1_237' title='bbox 1957 2692 2030 2753; x_wconf 92' lang='lat' dir='ltr'><strong>de</strong></span> <span class='ocrx_word' id='word_1_238' title='bbox 2063 2712 2301 2771; x_wconf 88' lang='lat' dir='ltr'><strong>passere</strong></span> <span class='ocrx_word' id='word_1_239' title='bbox 2331 2713 2470 2771; x_wconf 89' lang='lat' dir='ltr'><strong>poe-</strong></span> 
     </span>
     <span class='ocr_line' id='line_1_28' title="bbox 301 2777 2470 2857; baseline 0.001 -23"><span class='ocrx_word' id='word_1_240' title='bbox 301 2778 485 2834; x_wconf 86' lang='lat' dir='ltr'><strong>matia</strong></span> <span class='ocrx_word' id='word_1_241' title='bbox 519 2779 932 2855; x_wconf 87' lang='lat' dir='ltr'><strong>conscripsisse</strong></span> <span class='ocrx_word' id='word_1_242' title='bbox 973 2784 1180 2856; x_wconf 89' lang='lat' dir='ltr'><strong>potest.</strong></span> <span class='ocrx_word' id='word_1_243' title='bbox 1252 2780 1316 2836; x_wconf 91' lang='lat' dir='ltr'><strong>in</strong></span> <span class='ocrx_word' id='word_1_244' title='bbox 1353 2797 1600 2856; x_wconf 90' lang='lat' dir='ltr'><strong>quorum</strong></span> <span class='ocrx_word' id='word_1_245' title='bbox 1636 2777 1872 2856; x_wconf 87' lang='lat' dir='ltr'><strong>quidem</strong></span> <span class='ocrx_word' id='word_1_246' title='bbox 1915 2780 2110 2857; x_wconf 89' lang='lat' dir='ltr'><strong>priore</strong></span> <span class='ocrx_word' id='word_1_247' title='bbox 2152 2780 2261 2837; x_wconf 89' lang='lat' dir='ltr'><strong>etsi</strong></span> <span class='ocrx_word' id='word_1_248' title='bbox 2301 2777 2470 2837; x_wconf 89' lang='lat' dir='ltr'><strong>reda-</strong></span> 
     </span>
     <span class='ocr_line' id='line_1_29' title="bbox 301 2862 2470 2939; baseline 0.001 -20"><span class='ocrx_word' id='word_1_249' title='bbox 301 2863 448 2919; x_wconf 84' lang='lat' dir='ltr'><strong>mari</strong></span> <span class='ocrx_word' id='word_1_250' title='bbox 509 2880 571 2920; x_wconf 91' lang='lat' dir='ltr'><strong>se</strong></span> <span class='ocrx_word' id='word_1_251' title='bbox 634 2862 955 2939; x_wconf 85' lang='lat' dir='ltr'><strong>significat,</strong></span> <span class='ocrx_word' id='word_1_252' title='bbox 1028 2870 1227 2921; x_wconf 91' lang='lat' dir='ltr'><strong>tamen</strong></span> <span class='ocrx_word' id='word_1_253' title='bbox 1285 2864 1481 2921; x_wconf 86' lang='lat' dir='ltr'><strong>tristes</strong></span> <span class='ocrx_word' id='word_1_254' title='bbox 1551 2864 1735 2920; x_wconf 90' lang='lat' dir='ltr'><strong>animi</strong></span> <span class='ocrx_word' id='word_1_255' title='bbox 1803 2865 1895 2920; x_wconf 91' lang='lat' dir='ltr'><strong>sui</strong></span> <span class='ocrx_word' id='word_1_256' title='bbox 1956 2882 2125 2921; x_wconf 90' lang='lat' dir='ltr'><strong>curas</strong></span> <span class='ocrx_word' id='word_1_257' title='bbox 2184 2871 2470 2922; x_wconf 82' lang='lat' dir='ltr'><strong>memorat</strong></span> 
     </span>
     <span class='ocr_line' id='line_1_30' title="bbox 303 2943 2468 3025; baseline 0.001 -22"><span class='ocrx_word' id='word_1_258' title='bbox 303 2944 708 3024; x_wconf 88' lang='lat' dir='ltr'><strong>desiderioque</strong></span> <span class='ocrx_word' id='word_1_259' title='bbox 759 2947 993 3025; x_wconf 88' lang='lat' dir='ltr'><strong>puellae</strong></span> <span class='ocrx_word' id='word_1_260' title='bbox 1037 2966 1100 3006; x_wconf 90' lang='lat' dir='ltr'><strong>se</strong></span> <span class='ocrx_word' id='word_1_261' title='bbox 1149 2946 1448 3006; x_wconf 87' lang='lat' dir='ltr'><strong>tabescere</strong></span> <span class='ocrx_word' id='word_1_262' title='bbox 1500 2945 1758 3005; x_wconf 85' lang='lat' dir='ltr'><strong>ostendit</strong></span> <span class='ocrx_word' id='word_1_263' title='bbox 1802 2943 1894 3021; x_wconf 92' lang='grc' dir='ltr'><strong>(ΙΙ</strong></span> <span class='ocrx_word' id='word_1_264' title='bbox 1940 2943 2189 3022; x_wconf 84' lang='grc'>7-10).</span> <span class='ocrx_word' id='word_1_265' title='bbox 2259 2955 2468 3007; x_wconf 86' lang='lat' dir='ltr'><strong>verum</strong></span> 
     </span>
     <span class='ocr_line' id='line_1_31' title="bbox 300 3030 2476 3109; baseline 0 -20"><span class='ocrx_word' id='word_1_266' title='bbox 300 3030 519 3089; x_wconf 89' lang='lat' dir='ltr'><strong>Lesbia</strong></span> <span class='ocrx_word' id='word_1_267' title='bbox 570 3030 878 3109; x_wconf 88' lang='lat' dir='ltr'><strong>cupiditati</strong></span> <span class='ocrx_word' id='word_1_268' title='bbox 929 3039 1138 3109; x_wconf 87' lang='lat' dir='ltr'><strong>poetae</strong></span> <span class='ocrx_word' id='word_1_269' title='bbox 1188 3033 1358 3090; x_wconf 89' lang='lat' dir='ltr'><strong>initio</strong></span> <span class='ocrx_word' id='word_1_270' title='bbox 1409 3051 1530 3090; x_wconf 90' lang='lat' dir='ltr'><strong>non</strong></span> <span class='ocrx_word' id='word_1_271' title='bbox 1583 3030 1758 3090; x_wconf 91' lang='lat' dir='ltr'><strong>modo</strong></span> <span class='ocrx_word' id='word_1_272' title='bbox 1808 3052 1930 3090; x_wconf 91' lang='lat' dir='ltr'><strong>non</strong></span> <span class='ocrx_word' id='word_1_273' title='bbox 1971 3033 2115 3091; x_wconf 84' lang='lat' dir='ltr'><strong>satis</strong></span> <span class='ocrx_word' id='word_1_274' title='bbox 2150 3031 2319 3106; x_wconf 84' lang='lat' dir='ltr'><strong>fecit,</strong></span> <span class='ocrx_word' id='word_1_275' title='bbox 2363 3031 2476 3091; x_wconf 69' lang='lat' dir='ltr'><strong>sed</strong></span> 
     </span>
     <span class='ocr_line' id='line_1_32' title="bbox 300 3115 2472 3195; baseline 0 -21"><span class='ocrx_word' id='word_1_276' title='bbox 300 3117 478 3174; x_wconf 86' lang='lat' dir='ltr'><strong>etiam</strong></span> <span class='ocrx_word' id='word_1_277' title='bbox 521 3124 758 3191; x_wconf 89' lang='lat' dir='ltr'><strong>propter</strong></span> <span class='ocrx_word' id='word_1_278' title='bbox 800 3115 1107 3175; x_wconf 83' lang='lat' dir='ltr'><strong>audaciam</strong></span> <span class='ocrx_word' id='word_1_279' title='bbox 1161 3119 1288 3175; x_wconf 92' lang='lat' dir='ltr'><strong>eius</strong></span> <span class='ocrx_word' id='word_1_280' title='bbox 1330 3117 1949 3195; x_wconf 79' lang='lat' dir='ltr'><strong>importunitatemque</strong></span> <span class='ocrx_word' id='word_1_281' title='bbox 1993 3118 2347 3189; x_wconf 88' lang='lat' dir='ltr'><strong>succensuit,</strong></span> <span class='ocrx_word' id='word_1_282' title='bbox 2402 3125 2472 3175; x_wconf 86' lang='lat' dir='ltr'><strong>ut</strong></span> 
     </span>
     <span class='ocr_line' id='line_1_33' title="bbox 301 3198 2477 3281; baseline 0 -23"><span class='ocrx_word' id='word_1_283' title='bbox 301 3218 378 3258; x_wconf 85' lang='lat' dir='ltr'><strong>ex</strong></span> <span class='ocrx_word' id='word_1_284' title='bbox 414 3219 460 3257; x_wconf 93' lang='lat' dir='ltr'><strong>c.</strong></span> <span class='ocrx_word' id='word_1_285' title='bbox 497 3198 843 3259; x_wconf 90' lang='lat' dir='ltr'>LXXXIII</span> <span class='ocrx_word' id='word_1_286' title='bbox 875 3203 1248 3280; x_wconf 89' lang='lat' dir='ltr'><strong>perspicitur,</strong></span> <span class='ocrx_word' id='word_1_287' title='bbox 1297 3200 1455 3280; x_wconf 85' lang='lat' dir='ltr'><strong>quod</strong></span> <span class='ocrx_word' id='word_1_288' title='bbox 1498 3210 1697 3260; x_wconf 88' lang='lat' dir='ltr'><strong>errant</strong></span> <span class='ocrx_word' id='word_1_289' title='bbox 1732 3204 1833 3281; x_wconf 92' lang='lat' dir='ltr'><strong>qui</strong></span> <span class='ocrx_word' id='word_1_290' title='bbox 1877 3203 2183 3280; x_wconf 87' lang='lat' dir='ltr'><strong>posteriori</strong></span> <span class='ocrx_word' id='word_1_291' title='bbox 2217 3204 2477 3279; x_wconf 57' lang='lat' dir='ltr'><strong>tempori¹</strong></span> 
     </span>
     <span class='ocr_line' id='line_1_34' title="bbox 300 3284 2477 3364; baseline 0.001 -22"><span class='ocrx_word' id='word_1_292' title='bbox 300 3284 654 3343; x_wconf 83' lang='lat' dir='ltr'><strong>attribuunt:</strong></span> <span class='ocrx_word' id='word_1_293' title='bbox 718 3304 972 3363; x_wconf 87' lang='lat' dir='ltr'><strong>namque</strong></span> <span class='ocrx_word' id='word_1_294' title='bbox 1033 3306 1230 3344; x_wconf 91' lang='lat' dir='ltr'><strong>coram</strong></span> <span class='ocrx_word' id='word_1_295' title='bbox 1292 3288 1501 3345; x_wconf 87' lang='lat' dir='ltr'><strong>marito</strong></span> <span class='ocrx_word' id='word_1_296' title='bbox 1562 3285 1725 3344; x_wconf 86' lang='lat' dir='ltr'><strong>illam</strong></span> <span class='ocrx_word' id='word_1_297' title='bbox 1784 3285 2020 3346; x_wconf 87' lang='lat' dir='ltr'><strong>Catullo</strong></span> <span class='ocrx_word' id='word_1_298' title='bbox 2072 3285 2477 3364; x_wconf 72' lang='lat' dir='ltr'><strong>maledixisse,</strong></span> 
     </span>
     <span class='ocr_line' id='line_1_35' title="bbox 298 3365 2476 3450; baseline 0 -23"><span class='ocrx_word' id='word_1_299' title='bbox 298 3377 607 3448; x_wconf 85' lang='lat' dir='ltr'><strong>postquam</strong></span> <span class='ocrx_word' id='word_1_300' title='bbox 645 3389 778 3427; x_wconf 90' lang='lat' dir='ltr'><strong>cum</strong></span> <span class='ocrx_word' id='word_1_301' title='bbox 814 3387 881 3428; x_wconf 94' lang='lat' dir='ltr'><strong>eo</strong></span> <span class='ocrx_word' id='word_1_302' title='bbox 917 3371 1034 3427; x_wconf 90' lang='lat' dir='ltr'><strong>iam</strong></span> <span class='ocrx_word' id='word_1_303' title='bbox 1057 3390 1181 3430; x_wconf 88' lang='lat' dir='ltr'><strong>rem</strong></span> <span class='ocrx_word' id='word_1_304' title='bbox 1206 3371 1522 3444; x_wconf 89' lang='lat' dir='ltr'><strong>habuisset,</strong></span> <span class='ocrx_word' id='word_1_305' title='bbox 1558 3391 1768 3450; x_wconf 88' lang='lat' dir='ltr'><strong>parum</strong></span> <span class='ocrx_word' id='word_1_306' title='bbox 1796 3379 1884 3430; x_wconf 88' lang='lat' dir='ltr'><strong>est</strong></span> <span class='ocrx_word' id='word_1_307' title='bbox 1910 3370 2206 3430; x_wconf 90' lang='lat' dir='ltr'><strong>credibile.</strong></span> <span class='ocrx_word' id='word_1_308' title='bbox 2261 3365 2476 3430; x_wconf 77' lang='lat' dir='ltr'><strong>eodem·</strong></span> 
     </span>
     <span class='ocr_line' id='line_1_36' title="bbox 299 3453 2476 3534; baseline 0.001 -23"><span class='ocrx_word' id='word_1_309' title='bbox 299 3453 420 3513; x_wconf 87' lang='lat' dir='ltr'><strong>fere</strong></span> <span class='ocrx_word' id='word_1_310' title='bbox 463 3462 725 3532; x_wconf 87' lang='lat' dir='ltr'><strong>tempore</strong></span> <span class='ocrx_word' id='word_1_311' title='bbox 770 3474 817 3513; x_wconf 90' lang='lat' dir='ltr'><strong>c.</strong></span> <span class='ocrx_word' id='word_1_312' title='bbox 861 3454 1052 3514; x_wconf 91' lang='lat' dir='ltr'><strong>XXX</strong></span> <span class='ocrx_word' id='word_1_313' title='bbox 1094 3458 1372 3533; x_wconf 86' lang='lat' dir='ltr'><strong>scriptum</strong></span> <span class='ocrx_word' id='word_1_314' title='bbox 1415 3464 1708 3534; x_wconf 89' lang='lat' dir='ltr'><strong>putamus,</strong></span> <span class='ocrx_word' id='word_1_315' title='bbox 1762 3476 1877 3534; x_wconf 91' lang='lat' dir='ltr'><strong>quo</strong></span> <span class='ocrx_word' id='word_1_316' title='bbox 1923 3455 2131 3515; x_wconf 85' lang='lat' dir='ltr'><strong>Alfeni</strong></span> <span class='ocrx_word' id='word_1_317' title='bbox 2173 3457 2320 3515; x_wconf 90' lang='lat' dir='ltr'><strong>Vari</strong></span> <span class='ocrx_word' id='word_1_318' title='bbox 2359 3458 2476 3534; x_wconf 89' lang='lat' dir='ltr'><strong>qui·</strong></span> 
     </span>
     <span class='ocr_line' id='line_1_37' title="bbox 296 3539 2476 3620; baseline 0 -23"><span class='ocrx_word' id='word_1_319' title='bbox 296 3541 594 3616; x_wconf 89' lang='lat' dir='ltr'><strong>promissis</strong></span> <span class='ocrx_word' id='word_1_320' title='bbox 647 3559 768 3597; x_wconf 93' lang='lat' dir='ltr'><strong>non</strong></span> <span class='ocrx_word' id='word_1_321' title='bbox 812 3542 1036 3597; x_wconf 87' lang='lat' dir='ltr'><strong>steterit</strong></span> <span class='ocrx_word' id='word_1_322' title='bbox 1084 3539 1389 3618; x_wconf 89' lang='lat' dir='ltr'><strong>perfidiam</strong></span> <span class='ocrx_word' id='word_1_323' title='bbox 1437 3543 1827 3620; x_wconf 88' lang='lat' dir='ltr'><strong>conqueritur.</strong></span> <span class='ocrx_word' id='word_1_324' title='bbox 1900 3543 1994 3600; x_wconf 92' lang='lat' dir='ltr'><strong>cui</strong></span> <span class='ocrx_word' id='word_1_325' title='bbox 2047 3543 2373 3600; x_wconf 87' lang='lat' dir='ltr'><strong>sententiae</strong></span> <span class='ocrx_word' id='word_1_326' title='bbox 2415 3542 2476 3598; x_wconf 81' lang='lat' dir='ltr'><strong>si·</strong></span> 
     </span>
     <span class='ocr_line' id='line_1_38' title="bbox 301 3623 2467 3704; baseline 0.001 -23"><span class='ocrx_word' id='word_1_327' title='bbox 301 3625 430 3702; x_wconf 88' lang='lat' dir='ltr'><strong>quis</strong></span> <span class='ocrx_word' id='word_1_328' title='bbox 464 3623 529 3682; x_wconf 88' lang='lat' dir='ltr'><strong>id</strong></span> <span class='ocrx_word' id='word_1_329' title='bbox 564 3624 797 3684; x_wconf 91' lang='lat' dir='ltr'><strong>obstare</strong></span> <span class='ocrx_word' id='word_1_330' title='bbox 834 3626 1129 3683; x_wconf 84' lang='lat' dir='ltr'><strong>existimet</strong></span> <span class='ocrx_word' id='word_1_331' title='bbox 1156 3625 1310 3704; x_wconf 91' lang='lat' dir='ltr'><strong>quod</strong></span> <span class='ocrx_word' id='word_1_332' title='bbox 1347 3625 1460 3685; x_wconf 92' lang='lat' dir='ltr'><strong>hoc</strong></span> <span class='ocrx_word' id='word_1_333' title='bbox 1486 3644 1721 3684; x_wconf 91' lang='lat' dir='ltr'><strong>carmen</strong></span> <span class='ocrx_word' id='word_1_334' title='bbox 1757 3645 2042 3684; x_wconf 89' lang='lat' dir='ltr'><strong>summam</strong></span> <span class='ocrx_word' id='word_1_335' title='bbox 2070 3627 2252 3683; x_wconf 90' lang='lat' dir='ltr'><strong>animi</strong></span> <span class='ocrx_word' id='word_1_336' title='bbox 2281 3625 2467 3701; x_wconf 85' lang='lat' dir='ltr'><strong>aegri·</strong></span> 
     </span>
     <span class='ocr_line' id='line_1_39' title="bbox 296 3707 2467 3789; baseline 0.001 -24"><span class='ocrx_word' id='word_1_337' title='bbox 296 3707 563 3768; x_wconf 90' lang='lat' dir='ltr'><strong>tudinem</strong></span> <span class='ocrx_word' id='word_1_338' title='bbox 607 3708 835 3788; x_wconf 87' lang='lat' dir='ltr'><strong>prodat,</strong></span> <span class='ocrx_word' id='word_1_339' title='bbox 883 3708 1034 3767; x_wconf 90' lang='lat' dir='ltr'><strong>illud</strong></span> <span class='ocrx_word' id='word_1_340' title='bbox 1080 3717 1282 3769; x_wconf 88' lang='lat' dir='ltr'><strong>contra</strong></span> <span class='ocrx_word' id='word_1_341' title='bbox 1315 3709 1540 3789; x_wconf 88' lang='lat' dir='ltr'><strong>aliquid</strong></span> <span class='ocrx_word' id='word_1_342' title='bbox 1583 3710 1934 3769; x_wconf 88' lang='lat' dir='ltr'><strong>insolentiae</strong></span> <span class='ocrx_word' id='word_1_343' title='bbox 1978 3716 2153 3788; x_wconf 90' lang='lat' dir='ltr'><strong>atque</strong></span> <span class='ocrx_word' id='word_1_344' title='bbox 2187 3710 2467 3768; x_wconf 83' lang='lat' dir='ltr'><strong>lasciviae</strong></span> 
     </span>
     <span class='ocr_line' id='line_1_40' title="bbox 297 3792 2466 3872; baseline 0.001 -21"><span class='ocrx_word' id='word_1_345' title='bbox 297 3792 539 3866; x_wconf 89' lang='lat' dir='ltr'><strong>habeat,</strong></span> <span class='ocrx_word' id='word_1_346' title='bbox 593 3794 1014 3872; x_wconf 89' lang='lat' dir='ltr'><strong>respondemus</strong></span> <span class='ocrx_word' id='word_1_347' title='bbox 1064 3794 1242 3853; x_wconf 90' lang='lat' dir='ltr'><strong>talem</strong></span> <span class='ocrx_word' id='word_1_348' title='bbox 1294 3803 1557 3854; x_wconf 89' lang='lat' dir='ltr'><strong>motuum</strong></span> <span class='ocrx_word' id='word_1_349' title='bbox 1609 3797 1955 3854; x_wconf 86' lang='lat' dir='ltr'><strong>varietatem</strong></span> <span class='ocrx_word' id='word_1_350' title='bbox 2009 3797 2071 3852; x_wconf 92' lang='lat' dir='ltr'><strong>in</strong></span> <span class='ocrx_word' id='word_1_351' title='bbox 2132 3794 2466 3853; x_wconf 86' lang='lat' dir='ltr'><strong>amantibus</strong></span> 
     </span>
     <span class='ocr_line' id='line_1_41' title="bbox 297 3877 2464 3959; baseline 0 -23"><span class='ocrx_word' id='word_1_352' title='bbox 297 3880 537 3937; x_wconf 91' lang='lat' dir='ltr'><strong>minime</strong></span> <span class='ocrx_word' id='word_1_353' title='bbox 580 3881 787 3937; x_wconf 88' lang='lat' dir='ltr'><strong>miram</strong></span> <span class='ocrx_word' id='word_1_354' title='bbox 832 3898 973 3939; x_wconf 89' lang='lat' dir='ltr'><strong>esse.</strong></span> <span class='ocrx_word' id='word_1_355' title='bbox 1045 3877 1149 3939; x_wconf 89' lang='lat' dir='ltr'><strong>sed</strong></span> <span class='ocrx_word' id='word_1_356' title='bbox 1191 3900 1328 3938; x_wconf 86' lang='lat' dir='ltr'><strong>mox</strong></span> <span class='ocrx_word' id='word_1_357' title='bbox 1371 3901 1476 3959; x_wconf 91' lang='lat' dir='ltr'><strong>pro</strong></span> <span class='ocrx_word' id='word_1_358' title='bbox 1520 3879 1744 3940; x_wconf 85' lang='lat' dir='ltr'><strong>Alfeno</strong></span> <span class='ocrx_word' id='word_1_359' title='bbox 1790 3879 1940 3938; x_wconf 88' lang='lat' dir='ltr'><strong>alius</strong></span> <span class='ocrx_word' id='word_1_360' title='bbox 1986 3881 2182 3939; x_wconf 86' lang='lat' dir='ltr'><strong>extitit</strong></span> <span class='ocrx_word' id='word_1_361' title='bbox 2224 3881 2464 3952; x_wconf 77' lang='lat' dir='ltr'><strong>amicus,</strong></span> 
     </span>
     <span class='ocr_line' id='line_1_42' title="bbox 297 3963 2479 4044; baseline 0.002 -25"><span class='ocrx_word' id='word_1_362' title='bbox 297 3965 402 4041; x_wconf 87' lang='lat' dir='ltr'><strong>qui</strong></span> <span class='ocrx_word' id='word_1_363' title='bbox 446 3963 605 4041; x_wconf 87' lang='lat' dir='ltr'><strong>apud</strong></span> <span class='ocrx_word' id='word_1_364' title='bbox 650 3963 943 4023; x_wconf 90' lang='lat' dir='ltr'><strong>dominam</strong></span> <span class='ocrx_word' id='word_1_365' title='bbox 993 3965 1315 4044; x_wconf 85' lang='lat' dir='ltr'><strong>quandam,</strong></span> <span class='ocrx_word' id='word_1_366' title='bbox 1369 3964 1615 4024; x_wconf 87' lang='lat' dir='ltr'><strong>fortasse</strong></span> <span class='ocrx_word' id='word_1_367' title='bbox 1659 3983 1912 4024; x_wconf 88' lang='lat' dir='ltr'><strong>sororem</strong></span> <span class='ocrx_word' id='word_1_368' title='bbox 1957 3985 2147 4039; x_wconf 90' lang='lat' dir='ltr'><strong>suam,</strong></span> <span class='ocrx_word' id='word_1_369' title='bbox 2192 3967 2255 4023; x_wconf 92' lang='lat' dir='ltr'><strong>in</strong></span> <span class='ocrx_word' id='word_1_370' title='bbox 2300 3967 2479 4023; x_wconf 80' lang='lat' dir='ltr'><strong>cuius-</strong></span> 
     </span>
     <span class='ocr_line' id='line_1_43' title="bbox 299 4045 2467 4129; baseline 0.001 -25"><span class='ocrx_word' id='word_1_371' title='bbox 299 4045 544 4107; x_wconf 87' lang='lat' dir='ltr'><strong>aedibus</strong></span> <span class='ocrx_word' id='word_1_372' title='bbox 578 4050 704 4129; x_wconf 89' lang='lat' dir='ltr'><strong>ipse</strong></span> <span class='ocrx_word' id='word_1_373' title='bbox 739 4052 925 4108; x_wconf 90' lang='lat' dir='ltr'><strong>amori</strong></span> <span class='ocrx_word' id='word_1_374' title='bbox 969 4070 1073 4109; x_wconf 92' lang='lat' dir='ltr'><strong>suo</strong></span> <span class='ocrx_word' id='word_1_375' title='bbox 1119 4049 1489 4126; x_wconf 88' lang='lat' dir='ltr'><strong>indulgebat,</strong></span> <span class='ocrx_word' id='word_1_376' title='bbox 1539 4048 1775 4108; x_wconf 84' lang='lat' dir='ltr'><strong>Catullo</strong></span> <span class='ocrx_word' id='word_1_377' title='bbox 1811 4070 2046 4129; x_wconf 87' lang='lat' dir='ltr'><strong>quoque</strong></span> <span class='ocrx_word' id='word_1_378' title='bbox 2087 4069 2287 4109; x_wconf 88' lang='lat' dir='ltr'><strong>secure</strong></span> <span class='ocrx_word' id='word_1_379' title='bbox 2333 4069 2467 4109; x_wconf 89' lang='lat' dir='ltr'><strong>cum</strong></span> 
     </span>
     <span class='ocr_line' id='line_1_44' title="bbox 298 4132 2478 4215; baseline 0.001 -25"><span class='ocrx_word' id='word_1_380' title='bbox 298 4132 517 4191; x_wconf 83' lang='lat' dir='ltr'><strong>Lesbia</strong></span> <span class='ocrx_word' id='word_1_381' title='bbox 553 4134 944 4195; x_wconf 85' lang='lat' dir='ltr'><strong>conveniendi</strong></span> <span class='ocrx_word' id='word_1_382' title='bbox 982 4137 1210 4213; x_wconf 90' lang='lat' dir='ltr'><strong>copiam</strong></span> <span class='ocrx_word' id='word_1_383' title='bbox 1253 4134 1498 4195; x_wconf 88' lang='lat' dir='ltr'><strong>faceret:</strong></span> <span class='ocrx_word' id='word_1_384' title='bbox 1544 4137 1595 4193; x_wconf 88' lang='lat' dir='ltr'><strong>is</strong></span> <span class='ocrx_word' id='word_1_385' title='bbox 1632 4143 1757 4195; x_wconf 88' lang='lat' dir='ltr'><strong>erat</strong></span> <span class='ocrx_word' id='word_1_386' title='bbox 1790 4135 1874 4194; x_wconf 87' lang='lat' dir='ltr'><strong>M’</strong></span> <span class='ocrx_word' id='word_1_387' title='bbox 1909 4134 2107 4195; x_wconf 88' lang='lat' dir='ltr'><strong>Allius</strong></span> <span class='ocrx_word' id='word_1_388' title='bbox 2148 4134 2250 4195; x_wconf 91' lang='lat' dir='ltr'><strong>ille</strong></span> <span class='ocrx_word' id='word_1_389' title='bbox 2293 4133 2478 4215; x_wconf 73' lang='lat' dir='ltr'><strong>quem</strong></span> 
     </span>
     <span class='ocr_line' id='line_1_45' title="bbox 293 4217 2473 4295; baseline 0.001 -19"><span class='ocrx_word' id='word_1_390' title='bbox 293 4227 475 4295; x_wconf 85' lang='lat' dir='ltr'><strong>poeta</strong></span> <span class='ocrx_word' id='word_1_391' title='bbox 506 4238 551 4277; x_wconf 93' lang='lat' dir='ltr'><strong>c.</strong></span> <span class='ocrx_word' id='word_1_392' title='bbox 579 4217 857 4279; x_wconf 94' lang='lat' dir='ltr'>LXVIII</span> <span class='ocrx_word' id='word_1_393' title='bbox 893 4219 967 4279; x_wconf 91' lang='lat' dir='ltr'><strong>ad</strong></span> <span class='ocrx_word' id='word_1_394' title='bbox 1004 4219 1459 4279; x_wconf 88' lang='lat' dir='ltr'><strong>immortalitatis</strong></span> <span class='ocrx_word' id='word_1_395' title='bbox 1493 4222 1831 4280; x_wconf 88' lang='lat' dir='ltr'><strong>memoriam</strong></span> <span class='ocrx_word' id='word_1_396' title='bbox 1871 4221 2249 4280; x_wconf 85' lang='lat' dir='ltr'><strong>consecravit.</strong></span> <span class='ocrx_word' id='word_1_397' title='bbox 2311 4219 2473 4279; x_wconf 72' lang='lat' dir='ltr'><strong>confr.</strong></span> 
     </span>
    </p>
   </div>
  </div>
 </body>
</html>
