3225 5171
1316 420 1549 474 LIBER

414 544 625 609 dulcia
659 566 776 609 nec
812 553 1052 608 maesto
1089 543 1422 609 sustollens
1459 543 1642 627 signa
1677 542 1921 627 parenti

416 638 718 723 sospitem
754 637 1185 702 Erechtheum
1221 660 1288 702 se
1324 636 1599 701 ostendit
1636 636 1862 706 visere,
1874 646 2147 721 portum.

414 753 689 814 namque
725 733 940 796 ferunt
975 732 1145 808 olim,
1183 741 1394 796 castae
1431 752 1575 795 cum
1614 731 1865 795 moenia
1902 730 2084 795 divae

415 826 804 908 linquentem
842 836 1108 909 gnatum
1146 826 1347 890 ventis
1385 825 1794 910 concrederet
1826 826 2110 909 Aegeus,

417 919 568 983 talia
604 920 1036 1004 conplexum
1019 919 1234 984 iuveni
1273 919 1570 984 mandata
1606 905 1877 982 dedisse.

418 1020 638 1097 ‘gnate
673 1014 830 1077 mihi
865 1014 1068 1121 longa·
1091 1013 1424 1077 iucundior
1457 1013 1644 1076 unice
1681 1012 1830 1087 vita,
2055 1029 2072 1092 1

417 1117 630 1189 gnate,
669 1129 789 1192 ego
825 1128 1017 1189 quem
1052 1108 1116 1170 in
1154 1107 1382 1171 dubios
1419 1128 1615 1191 cogor
1650 1093 1996 1169 dimitteie
2000 1128 2205 1184 casuS,

417 1199 718 1265 reddite
701 1224 764 1263 m
804 1211 1087 1265 extrema
1121 1223 1326 1285 nuper
1363 1200 1518 1264 mihi
1553 1200 1680 1263 fine
1717 1211 2027 1274 senectae,

420 1294 935 1377 quandoquidem
970 1296 1226 1358 fortuna
1260 1317 1402 1359 mea
1437 1316 1513 1358 ac
1548 1305 1660 1357 tua
1695 1293 1941 1357 fervida
1961 1293 2171 1359 virtus

421 1387 608 1471 eripit
641 1388 838 1451 invito
875 1388 1029 1452 mihi
1064 1399 1146 1462 te,
1184 1388 1287 1452 cui
1320 1388 1626 1473 languida
1660 1387 1945 1450 nondum

419 1480 662 1545 lumina
695 1494 843 1546 sunt
876 1483 1057 1568 gnati
1089 1504 1235 1546 cara
1271 1493 1552 1548 saturat-a
1584 1482 1810 1566 figura,
1905 1503 1966 1540 ἢ.
1995 1480 2088 1552 3
2121 1531 2151 1562 0,
2207 1493 2216 1544 ἐ
2249 1527 2256 1538 «
2307 1519 2318 1538 2

420 1597 550 1638 non
588 1598 708 1661 ego
746 1587 807 1641 te
844 1577 1130 1662 gaudens
1166 1576 1427 1640 laetanti
1462 1585 1718 1684 pectore
1754 1574 2021 1651 mittam,

421 1691 541 1733 nec
577 1680 639 1734 te
674 1632 884 1735 ferreo
875 1671 1076 1734 sinam
1113 1671 1402 1764 fortunae
1439 1669 1623 1768 siona
1658 1669 1994 1743 secundae,

424 1763 536 1827 sed
571 1764 843 1848 primum
882 1765 1112 1829 multas
1149 1752 1518 1848 expromam
1542 1773 1767 1828 mente
1802 1762 2148 1856 querellas,
2257 1835 2262 1844 ‚

425 1857 720 1921 canitiem
754 1869 921 1954 terra
955 1869 1146 1956 atque
1180 1858 1391 1926 infuso
1426 1857 1690 1942 pulvere
1726 1853 2082 1944 foedans,
2231 1851 2262 1872 Ἴ

423 1949 571 2014 inde
605 1937 842 2016 infecta
876 1953 1041 2036 vago
1078 1933 1459 2036 suspendam
1495 1950 1691 2015 lintea
1725 1939 1911 2024 malo,
2221 2026 2226 2040 ἔ

391 2089 445 2140 3.
424 2054 669 2108 nostros
706 2055 778 2108 ut
809 2045 1018 2108 luctus
1053 2055 1433 2126 nostraeque
1469 2043 1763 2107 incendia
1798 2041 2086 2107 mentis
2087 2071 2118 2084 ‘
2150 2071 2156 2081 ·
2209 2067 2230 2082 ⁸

346 2135 380 2164 ³*
404 2135 727 2217 'carbasus
763 2138 1101 2201 obscurata
1137 2138 1320 2202 decet
1354 2134 1676 2221 ferrugine
1711 2136 1977 2204 Hibera.
2055 2137 2290 2206 &aaliz

427 2213 599 2314 quod
634 2231 749 2294 tibi
785 2232 839 2295 si
874 2230 1075 2295 sancti
1110 2229 1490 2295 concesserit
1523 2230 1748 2294 incola
1767 2228 1957 2304 Itoni,
2066 2266 2152 2306 [f
2205 2264 2216 2286 ι

430 2346 595 2408 quae
632 2321 916 2389 nostrum
955 2346 1156 2409 genus
1194 2346 1268 2388 ac
1305 2323 1489 2388 sedes
1528 2309 1867 2387 defendere
1905 2319 2248 2389 Erechthei

428 2418 668 2493 adnuit,
704 2428 773 2481 ut
809 2420 996 2482 tauri
990 2425 1340 2503 respergas
1377 2418 1687 2501 sanguine
1704 2417 2033 2493 dextram,

428 2523 564 2576 tum
598 2534 751 2577 vero
787 2513 978 2576 facito
1014 2523 1084 2576 ut
1119 2512 1381 2577 memori
1418 2512 1532 2576 tibi
1569 2511 1824 2575 condita
1858 2510 2046 2601 corde

427 2607 587 2673 haec
621 2609 880 2693 vigeant
913 2609 1365 2677 mandatanec
1400 2608 1533 2672 ulla
1568 2607 1884 2672 oblitteret
1919 2616 2115 2683 aetas,

429 2713 503 2766 ut
537 2703 724 2767 simul
761 2726 836 2767 ac
869 2714 1116 2767 nostros
1153 2703 1427 2766 invisent
1460 2702 1712 2765 lumina
1738 2699 1934 2776 collis,

430 2798 748 2862 funestam
784 2809 1117 2867 antemnae
1154 2798 1476 2882 deponant
1506 2796 1790 2878 undique
1826 2804 2088 2871 vestem,
2179 2838 2180 2845 ι
2271 2790 2276 2797 ’

431 2890 827 2972 candidaque
862 2891 1077 2955 intorti
1111 2890 1444 2954 sustollant
1479 2891 1622 2954 vela
1656 2888 1976 2963 rudentes,

432 3006 625 3067 quam
661 2984 934 3067 primum
971 3007 1232 3048 cernens
1267 2995 1340 3046 ut
1381 2984 1548 3047 laeta
1584 2982 1821 3066 gaudia
1855 2992 2065 3046 mente

432 3078 837 3162 adgnoscam,
875 3098 1020 3141 cum
1056 3088 1117 3140 te
1153 3076 1451 3140 reducem
1490 3086 1665 3140 aetas
1700 3096 2004 3160 prospera
2039 3075 2257 3142 sistet!

431 3171 590 3235 haec
625 3169 923 3234 mandata
957 3169 1134 3254 prius
1170 3170 1481 3234 constanti
1516 3178 1727 3234 mente
1763 3178 2080 3234 tenentem
2133 3250 2136 3259 ⁸

434 3263 689 3328 Thesea
723 3285 841 3328 ceu
876 3263 1099 3347 pulsae
1133 3274 1466 3327 ventorum
1498 3262 1754 3349 flamine
1788 3261 1993 3327 nubes
2095 3278 2130 3308 ἢ
2162 3296 2166 3303 «
2203 3278 2208 3294 “

431 3357 672 3422 aerium
706 3356 873 3421 nivei
909 3356 1138 3420 montis
1173 3357 1412 3440 liquere
1448 3378 1774 3421 cacumen.
2035 3364 2044 3371 '
2205 3416 2206 3419 ,

434 3463 500 3516 at
534 3462 732 3538 pater,
769 3461 842 3514 ut
876 3474 1124 3515 summa
1158 3460 1563 3536 prospectum
1599 3473 1680 3522 ex
1716 3471 1858 3513 arce
1895 3449 2171 3533 petebat,

434 3546 624 3609 anxia
657 3545 725 3608 in
760 3544 1071 3608 adsiduos
1097 3544 1440 3608 absumens
1474 3543 1718 3608 lumina
1752 3543 1957 3620 fletus,

433 3663 578 3705 cum
615 3639 889 3725 primum
924 3637 1143 3703 infecti
1178 3638 1504 3722 conspexit
1537 3638 1733 3703 lintea
1766 3636 1910 3711 veli,

434 3732 843 3817 praecipitem
881 3755 1020 3797 sese
1056 3733 1457 3817 scopulorum
1494 3754 1530 3797 e
1566 3731 1801 3796 vertice
1836 3731 2002 3807 iecit,

434 3827 735 3890 amissum
772 3826 1033 3892 credens
1067 3826 1271 3891 inmiti
1307 3825 1560 3890 Thesea
1594 3825 1748 3889 fato·

434 3919 525 3984 sic
558 3919 811 3984 funesta
847 3920 1071 3984 domus
1106 3920 1430 4004 ingressus
1466 3929 1633 3983 tecta
1666 3929 1934 4003 paterna
2109 3987 2114 3992 ⁴

433 4021 634 4076 morte
670 4011 849 4077 ferox
884 4013 1176 4077 Theseus
1212 4008 1463 4096 qualem
1499 4011 1774 4076 Minoidi
1810 4013 2053 4076 luctum

435 4105 750 4171 obtulerat
781 4116 992 4171 mente
1025 4106 1356 4171 inmemori
1392 4106 1583 4171 talem
1618 4106 1755 4191 ipse
1791 4105 2054 4191 recepit,

2195 2283 2356 2316 aff

2367 408 2454 473 47

2494 558 2597 613 210

2449 1055 2452 1072 ε
2496 1028 2604 1081 215

2373 1513 2414 1552 s}
2498 1498 2606 1551 220

2441 1964 2608 2019 ,225

2339 2167 2614 2214 K3-ALtt‘jff

2504 2435 2610 2489 230

2435 2860 2444 2865 3
2508 2904 2613 2959 235

2435 3338 2614 3426 2246

432 4221 601 4284 quae
637 4210 771 4263 tum
806 4210 1227 4288 prospectans*
1251 4200 1579 4265 cedentem
1623 4209 1865 4287 maesta
1901 4199 2179 4264 carinam
2237 4254 2270 4265 ,.

2320 3840 2616 3896 245
