3225 5171
781 443 966 484 CXXVI
1549 441 1905 483 ADNOTATIO
1952 441 2197 483 ORITIOA

782 569 938 625 certe
981 566 1240 638 praestat
1283 578 1377 618 me
1420 559 1618 619 iudice
1663 563 1728 618 in
1764 559 2034 619 codicum
2079 561 2331 621 lectione
2368 559 2746 639 adquiescere
2779 581 2961 640 quam

782 666 914 705 cum
947 646 1214 724 Hauptio
1259 644 1522 704 Cluverii
1568 641 1727 718 (Ital.
1773 647 1956 725 antiq.
1996 644 2147 723 412)
2193 647 2589 705 coniecturam
2630 651 2957 723 praecurrit

780 733 1055 809 recipere.
1134 730 1246 789 hoc
1290 733 1449 789 enim
1492 730 1740 789 verbum
1777 749 1847 790 ea
1884 730 2316 807 significatione
2352 751 2469 810 qua
2495 742 2960 808 praeter-currere

779 815 877 874 vel
913 818 1318 892 praeterfluere
1360 814 1580 874 dictum
1637 834 1764 874 esse
1808 814 1989 889 nullo,
2044 815 2204 895 quod
2257 817 2454 889 sciam,
2510 816 2782 894 exemplo
2825 837 2959 895 pro-

778 901 968 960 batur.
995 931 1080 941 —
1109 901 1188 959 37
1226 902 1400 959 istaec
1426 907 1657 960 veteres
1687 899 1992 959 editiones.
2045 904 2149 959 iste
2175 901 2248 962 V.
2302 902 2511 959 isthaec
2536 901 2961 962 Lachmannus

776 987 1214 1065 Hauptiusque.

906 1070 1199 1131 LXVIII.
1279 1072 1389 1130 etsi
1439 1070 1706 1148 Hauptio
1758 1068 2115 1149 reliquisque
2164 1072 2268 1148 qui
2316 1070 2431 1129 hoc
2485 1090 2720 1130 carmen
2770 1091 2955 1131 unum

780 1154 1274 1234 individuumque
1305 1174 1430 1215 esse
1459 1162 1698 1214 censent
1723 1154 1902 1232 plane
1929 1153 2245 1227 adsentior,
2280 1161 2499 1228 tamen,
2535 1165 2603 1214 ut
2637 1156 2955 1233 singularis

783 1260 926 1300 sane
962 1242 1288 1319 conpositio
1326 1243 1454 1299 eius
1491 1242 1855 1299 extrinsecus
1891 1259 2125 1319 quoque
2161 1242 2478 1318 conspicua
2513 1249 2682 1313 esset,
2728 1250 2862 1320 post
2894 1262 2954 1299 v.

780 1327 865 1384 40
903 1336 961 1386 et
999 1328 1118 1384 148
1165 1327 1490 1384 orationem
1542 1324 1873 1384 intervallis
1926 1325 2188 1383 distinxi.
2277 1345 2493 1404 corpus
2530 1328 2704 1397 enim,
2758 1334 2827 1384 ut
2869 1329 2956 1384 ita

779 1411 990 1484 dicam,
1047 1412 1229 1469 totius
1273 1410 1502 1486 elegiae
1553 1409 1630 1468 ad
1674 1409 1774 1468 M.’
1809 1409 2041 1468 Allium
2083 1411 2297 1470 missae
2346 1410 2613 1469 versibus
2656 1412 2951 1469 41—148

779 1496 1241 1575 conprehensum
1275 1496 1571 1574 prooemio
1608 1504 1669 1555 et
1703 1493 1934 1574 epilogo
1968 1503 2271 1574 tamquam
2305 1495 2625 1555 involucris
2658 1498 2954 1576 utrimque

776 1581 1115 1653 includitur,
1170 1599 1354 1660 eaque
1406 1587 1496 1639 est
1547 1580 1913 1657 singularum
1963 1581 2173 1639 harum
2214 1582 2471 1660 partium
2512 1582 2663 1640 ratio
2704 1588 2787 1653 ut,
2843 1583 2955 1639 etsi

779 1685 980 1726 omnes
1023 1668 1179 1724 inter
1221 1683 1285 1723 se
1320 1684 1580 1724 conexae
1627 1673 1766 1723 sunt
1799 1669 2220 1724 sententiarum
2256 1665 2479 1737 ordine,
2527 1672 2725 1725 tamen
2759 1667 2955 1743 prima

778 1759 838 1811 et
889 1759 1150 1810 extrema
1201 1750 1486 1828 epistulae
1539 1751 1795 1829 speciem
1845 1770 1985 1828 prae
2038 1769 2100 1808 se
2152 1749 2373 1822 ferant,
2440 1769 2574 1809 cum
2626 1749 2823 1810 media
2861 1753 2954 1810 ¹sit

777 1838 1106 1896 encomium
1165 1837 1343 1894 amici
1404 1836 1718 1894 artificiose
1778 1854 1911 1893 cum
1962 1835 2216 1893 Lesbiae
2273 1834 2551 1894 laudibus
2611 1845 2671 1894 et
2731 1834 2955 1894 funesti

775 1920 1140 1981 Laodamiae
1182 1920 1396 1978 amoris
1442 1923 1780 1979 narratione
1823 1922 2217 1978 coniunctum.
2304 1919 2465 1978 unde
2497 1921 2561 1978 in
2604 1920 2723 1978 illis
2756 1922 2952 1999 ipsum

774 2004 1005 2065 Allium
1058 2005 1395 2085 adloquitur
1443 2013 1637 2083 poeta,
1681 2009 1747 2063 in
1781 2004 1893 2062 hac
1927 2012 1996 2063 ut
2038 2004 2342 2064 absentem
2387 2024 2521 2064 eum
2556 2005 2828 2065 celebrat.
2865 2038 2952 2047 —-

778 2093 856 2149 26
913 2110 1096 2148 omnes
1150 2089 1209 2150 Gr
1263 2088 1493 2165 (omnem
1547 2089 1645 2162 Ο).
1732 2093 1905 2147 omnis
1959 2089 2379 2148 Lachmannus
2445 2108 2521 2148 ex
2583 2090 2750 2149 libris
2809 2093 2949 2162 suis,

773 2176 1092 2254 Hauptius.
1129 2207 1212 2217 --
1249 2176 1327 2233 39
1357 2185 1530 2251 posta
1575 2186 1657 2233 est
1691 2174 1767 2248 V,
1819 2173 1978 2255 quod
2023 2195 2126 2233 cur
2170 2182 2478 2253 spernatur
2526 2170 2631 2234 vix
2675 2175 2952 2234 idoneam

777 2279 902 2321 esse
938 2280 1176 2319 causam
1208 2268 1370 2338 puto,
1415 2258 1769 2340 reduxitque
1812 2267 1945 2338 post
1979 2259 2058 2319 Is.
2095 2259 2373 2318 Vossium
2407 2260 2654 2318 Ellisius
2695 2279 2950 2340 quoque.

772 2348 933 2419 facta
968 2356 1048 2402 est
1081 2345 1159 2418 D,
1210 2363 1382 2424 quem
1417 2345 1835 2403 Lachmannus
1869 2345 2288 2424 Hauptiusque
2323 2347 2508 2404 secuti
2544 2352 2696 2417 sunt,
2745 2352 2951 2423 aperta

774 2429 1245 2508 interpolatione.
1333 2448 1525 2509 neque
1570 2430 1968 2508 probabiliora
2001 2449 2095 2489 me
2138 2429 2334 2488 iudice
2367 2433 2760 2489 recentiorum
2795 2451 2950 2489 com-

774 2522 988 2574 menta.
1026 2546 1111 2556 —
1147 2516 1226 2572 66
1271 2515 1456 2572 Allius
1500 2512 1554 2574 Ο
1599 2516 1665 2572 in
1709 2517 1838 2594 ipso
1881 2533 2057 2573 versu
2099 2522 2363 2588 testatur,
2411 2535 2545 2573 cum
2583 2517 2646 2573 in
2680 2517 2951 2593 margine

776 2600 1135 2679 adscriptum
1175 2602 1437 2658 manllz'us
1479 2599 1712 2659 habeat.
1791 2604 2031 2657 manlius
2068 2600 2127 2661 G
2170 2620 2304 2659 cum
2346 2602 2591 2680 reliquis
2633 2602 2950 2680 plerisque.

775 2689 1006 2744 Manius
1049 2686 1469 2744 Lachmannus
1513 2685 1949 2764 Hauptiusque.
2029 2705 2151 2744 non
2191 2693 2385 2763 potest
2427 2694 2624 2745 autem
2673 2705 2798 2745 esse
2844 2686 2950 2744 du·

773 2772 938 2831 bium
975 2774 1122 2851 quin
1163 2774 1228 2829 in
1271 2770 1385 2829 hac
1425 2780 1595 2849 parte
1630 2771 1858 2847 elegiae
1899 2778 2074 2849 poeta
2110 2778 2446 2830 constanter
2478 2773 2718 2830 nomine
2743 2773 2949 2842 amici,

772 2878 894 2916 non
943 2858 1326 2935 praenomine
1376 2874 1516 2915 usus
1568 2857 1659 2914 sit.
1697 2886 1782 2896 —
1821 2856 1900 2913 68
1921 2875 1965 2913 s.
2009 2855 2205 2914 locum
2247 2856 2425 2934 plane
2476 2858 2789 2933 integrum,
2842 2856 2948 2915 sed

771 2942 956 3018 vulgo
1000 2962 1122 3000 non
1166 2941 1530 2999 intellectum
1573 2960 1644 2999 ac
1680 2959 1871 3019 nuper
1901 2960 2102 2999 rursus
2145 2939 2561 3000 infelicissimis
2598 2947 2949 3020 temptatum

774 3029 1125 3086 coniecturis
1193 3028 1529 3098 rectissime,
1602 3028 1711 3085 etsi
1779 3046 1989 3105 parum
2055 3024 2312 3096 definite,
2383 3028 2797 3105 interpretatus
2859 3033 2952 3085 est

770 3112 1042 3184 Ellisius3
1091 3112 1186 3170 cui
1220 3131 1396 3183 nunc,
1442 3118 1717 3169 revocato
1758 3112 1954 3189 priore
1988 3129 2199 3184 errore,
2249 3111 2466 3170 Munro
2501 3130 2737 3190 quoque
2769 3109 2948 3169 adsti-

771 3195 1012 3274 pulatur
1056 3191 1323 3278 (journal
1359 3194 1427 3253 of
1462 3195 1775 3275 philology
1808 3196 1967 3256 VIII
2004 3197 2124 3253 333
2147 3192 2236 3268 a).
2319 3196 2543 3255 scilicet
2578 3196 2813 3255 domina
2846 3195 2949 3253 hic

773 3286 1224 3339 commemorata
1267 3299 1389 3338 non
1431 3279 1653 3338 Lesbia
1697 3288 1800 3353 est,
1847 3280 1952 3339 sed
1994 3283 2199 3358 ignota
2241 3282 2414 3341 nobis
2456 3288 2726 3340 matrona
2768 3299 2948 3360 quae-

773 3364 912 3423 dam
964 3366 1284 3435 amicitiae,
1337 3363 1723 3442 probabiliter
1774 3369 1951 3425 etiam
2003 3367 2460 3445 propinquitatis
2520 3366 2760 3425 vinculo
2812 3385 2948 3424 cum

769 3450 935 3509 Allio
982 3450 1312 3521 coniuncta,
1356 3448 1604 3508 fortasse
1649 3469 1813 3509 soror
1846 3453 1989 3522 eius,
2035 3452 2116 3508 ad
2157 3471 2341 3525 quam,
2383 3452 2440 3509 h.
2477 3469 2527 3511 e.
2567 3450 2726 3529 apud
2768 3470 2947 3529 quam

771 3539 898 3595 sive
932 3537 997 3594 in
1042 3536 1208 3593 cuius
1251 3533 1498 3593 aedibus
1533 3553 1653 3593 non
1689 3535 1879 3594 solum
1921 3536 2038 3613 ipsi
2071 3534 2254 3608 Allio,
2302 3535 2407 3596 sed
2440 3535 2841 3595 intercedente
2877 3554 2948 3594 eo

773 3620 1008 3681 Catullo
1061 3638 1296 3699 quoque
1348 3638 1605 3679 amorem
1660 3640 1828 3679 suum
1875 3638 2149 3679 exercere
2198 3620 2381 3692 licuit,
2436 3619 2643 3680 eadem
2689 3619 2947 3693 domina,

770 3727 947 3787 quam
981 3726 1037 3764 v.
1073 3706 1191 3762 156
1228 3704 1462 3763 felicem
1490 3724 1617 3764 esse
1643 3705 1809 3764 iubet
1840 3713 2031 3783 poeta.
2102 3704 2180 3763 ad
2206 3706 2486 3764 Lesbiam
2512 3726 2569 3764 v.
2602 3706 2681 3763 70
2710 3704 2947 3764 demum

768 3794 981 3851 transit
1016 3789 1299 3850 Catullus
1380 3810 1558 3868 quam
1593 3792 1696 3868 qui
1729 3794 1851 3848 iam
1885 3810 1941 3849 v.
1981 3789 2060 3847 68
2098 3790 2423 3866 significari
2457 3790 2832 3862 arbitrantur,
2869 3791 2947 3861 ei,

768 3880 886 3935 nisi
928 3875 1005 3935 ad
1055 3878 1259 3953 peiora
1311 3876 1488 3934 etiam
1531 3881 1591 3934 et
1643 3895 1881 3953 prorsus
1923 3874 2301 3935 incredibilia
2345 3874 2666 3951 confugere
2717 3875 2943 3945 volunt,

769 3982 891 4020 non
942 3967 1188 4039 possunt
1237 3980 1360 4018 non
1414 3980 1547 4019 cum
1597 3959 1974 4020 Froehlichio
2028 3962 2277 4018 dominae
2329 3960 2609 4032 scribere,
2671 3958 2734 4018 id
2788 3959 2945 4039 quod

767 4054 1002 4124 praeter
1019 4044 1442 4105 Baehrensium
1470 4063 1661 4123 nuper
1676 4044 2107 4121 Kiesslingium
2134 4064 2368 4124 quoque
2396 4044 2577 4120 (anal.
2600 4044 2815 4106 catull.
2839 4044 2947 4119 16)

767 4130 977 4191 fecisse
1011 4130 1203 4189 video.
1287 4128 1393 4189 sed
1434 4129 1582 4188 haec
1618 4133 1956 4189 coniectura
1999 4132 2129 4208 ipsa
2163 4132 2446 4189 orationis
2481 4130 2946 4189 conformatione

764 4216 1057 4276 refellitur
1090 4246 1172 4255 —
1216 4214 1394 4293 plane
1446 4216 1711 4293 ineptum
1766 4216 1922 4274 enim
1973 4223 2099 4273 tum
2152 4223 2242 4276 est
2291 4215 2542 4275 alterum
2592 4214 2743 4274 illud
2792 4217 2952 4290 isque
