3225 5171
752 435 902 477 LXVI
1611 433 2024 476 PROLEGOMBN
2026 433 2068 474 A

760 555 1119 616 Graecorum
1153 550 1454 630 exemplar
1489 553 1857 631 expoliverit,
1892 553 2092 611 mirari
2129 571 2271 611 sane
2303 550 2443 611 licet
2477 551 2636 631 quod
2671 553 2735 610 in
2767 555 2928 630 poesi

755 659 834 698 ne
869 657 939 698 ea
974 637 1210 717 quidem
1245 635 1440 696 studia
1466 657 1619 716 quae
1655 637 1732 697 ad
1764 640 2045 697 maiorem
2080 640 2361 696 sermonis
2389 655 2778 716 versuumque
2813 637 2928 696 cul-

755 735 880 784 tum
906 723 1249 801 spectabant
1265 725 1351 780 ita
1376 729 1444 782 ut
1468 742 1576 801 par
1601 730 1729 782 erat
1755 721 2171 799 adgnoscebat.
2223 740 2416 801 neque
2441 741 2580 781 vero
2607 726 2673 780 in
2701 724 2930 801 scriptis

755 812 877 869 suis
912 807 1065 866 hanc
1098 816 1402 886 poetarum
1437 815 1655 867 sectam
1689 815 2100 867 commemorat
2132 810 2249 865 nisi
2281 815 2348 865 ut
2383 808 2675 886 vituperet
2708 816 2811 866 aut
2843 810 2930 866 in-

753 894 961 954 rideat.
1025 900 1084 952 et
1116 894 1183 951 in
1218 900 1445 951 oratore
1481 892 1723 971 quidem
1748 893 1782 968 ἓ
1816 895 1956 967 161,
1991 892 2097 951 ubi
2133 891 2208 951 de
2235 912 2262 950 s
2287 891 2518 951 litterae
2551 891 2748 951 finalis
2791 899 2931 952 ante

748 983 1159 1058 insequentem
1202 996 1518 1037 consonam
1563 977 1925 1037 detractione
1969 977 2225 1049 disserit,
2278 996 2455 1055 quam
2499 978 2931 1056 antiquioribus

749 1068 945 1143 poetis
982 1063 1251 1122 omnibus
1297 1063 1605 1141 probatam
1640 1081 1767 1122 esse
1809 1069 2062 1134 constat,
2108 1080 2239 1122 eam
2279 1069 2347 1119 ut
2392 1062 2778 1121 subrusticam
2812 1065 2929 1122 iam

751 1150 959 1227 fugere
1002 1155 1204 1226 poetas
1239 1167 1425 1207 novos
1456 1149 1546 1205 ita
1579 1153 1786 1207 narrat
1821 1156 1888 1207 ut
1922 1149 2118 1207 animo
2163 1167 2226 1206 se
2270 1145 2581 1207 dissentire
2623 1146 2784 1207 haud
2829 1149 2927 1207 ob-

753 1254 920 1294 scure
954 1233 1264 1310 significet.
1335 1235 1579 1311 ipseque
1611 1235 1679 1291 in
1711 1230 1886 1290 Arati
1918 1232 2340 1311 phaenomenis
2376 1231 2450 1290 ab
2485 1229 2929 1292 adulescentulo

751 1322 1051 1379 conversis
1088 1320 1321 1396 saepius
1356 1321 1531 1376 istam
1562 1316 1865 1377 licentiam
1900 1318 2014 1377 sibi
2056 1315 2306 1377 indulsit
2346 1336 2469 1377 una
2502 1338 2635 1378 cum
2670 1317 2927 1396 aequali-

748 1404 860 1465 bus
903 1406 985 1463 M.
1021 1405 1304 1462 Terentio
1347 1403 1619 1462 Varrone
1669 1411 1730 1462 et
1767 1402 2060 1462 Lucretio.
2132 1401 2235 1462 sed
2288 1423 2421 1462 cum
2464 1409 2750 1462 oratorem
2794 1423 2925 1462 con-

752 1489 1075 1560 scriberet,
1102 1507 1261 1546 nova
1304 1486 1663 1546 consuetudo
1717 1487 1862 1549 adeo
1913 1485 2250 1547 invaluerat
2290 1495 2357 1546 ut
2401 1489 2503 1566 qui
2545 1489 2611 1546 in
2652 1487 2926 1547 litteratis

750 1576 1045 1633 numerari
1080 1571 1261 1631 vellet
1285 1593 1408 1630 non
1442 1580 1642 1650 posset
1666 1574 1809 1651 quin
1844 1571 1922 1631 ad
1950 1591 2081 1632 eam
2107 1590 2170 1631 se
2198 1571 2673 1632 accommodaret.
2727 1575 2926 1652 itaque

749 1662 816 1717 in
850 1657 1115 1718 versibus
1141 1661 1464 1735 posteriore
1489 1660 1650 1716 vitae
1674 1666 1937 1735 tempore
1971 1677 2009 1715 a
2036 1675 2099 1717 se
2124 1656 2297 1716 factis
2325 1659 2502 1716 etiam
2534 1657 2757 1730 Cicero,
2794 1679 2924 1717 cum

751 1745 870 1802 alia
921 1743 1206 1820 conplura
1257 1761 1333 1802 ex
1384 1750 1677 1802 vetustate
1735 1745 2038 1815 retineret,
2102 1743 2179 1802 ab
2233 1762 2260 1800 s
2310 1741 2512 1801 littera
2562 1741 2925 1801 detrahenda

750 1836 983 1888 coactus
1036 1828 1337 1886 abstinuit.
1407 1829 1525 1885 iam
1576 1847 1864 1887 novorum
1916 1835 2233 1905 poetarum,
2289 1826 2346 1884 h.
2393 1846 2441 1886 e.
2495 1845 2697 1886 eorum
2749 1830 2851 1906 qui
2891 1847 2927 1887 e

748 1913 948 1973 schola
983 1912 1224 1972 Catonis
1258 1911 1620 1991 prodierunt,
1671 1931 1860 1986 nemo,
1905 1912 2065 1992 quod
2108 1915 2375 1984 sciamus,
2430 1911 2582 1970 hanc
2625 1931 2926 1991 apocopen

670 2008 673 2011 '
748 1998 984 2059 admisit
1024 2006 1258 2077 praeter
1297 2019 1481 2057 unum
1524 1996 1839 2071 Catullum,
1895 2000 2060 2057 cuius
2102 1992 2168 2056 in
2213 2005 2472 2057 extremo
2520 2001 2779 2056 carmine
2828 1997 2925 2056 hic

748 2088 1052 2146 invenitur
1077 2089 1455 2162 pentameter,
1497 2080 1581 2141 ‘at
1608 2084 1762 2142 fixus
1798 2086 2012 2142 nostris
2045 2091 2113 2141 tu
2147 2081 2312 2142 dabi’
2350 2081 2734 2160 supplicium’
2788 2102 2925 2140 nam

743 2169 1024 2241 LaeviuS,
1071 2172 1174 2247 qui
1207 2170 1272 2226 in
1305 2166 1837 2227 Protesilaudamia
1877 2166 2124 2227 fortasse
2168 2166 2320 2226 dixit
2364 2165 2727 2243 ‘gracilenti'
2774 2167 2927 2227 colo-

746 2253 896 2312 rem‘
936 2250 1171 2329 (fragm.
1209 2254 1288 2309 22
1324 2248 1573 2326 Muell.),
1622 2255 1799 2312 etiam
1833 2255 1884 2312 si
1928 2252 2189 2313 eiusdem
2224 2254 2300 2312 sit
2341 2253 2565 2325 aetatiS,
2614 2251 2774 2330 quod
2808 2273 2926 2312 am-

744 2339 984 2414 bigitur,
1031 2345 1186 2397 certe
1221 2357 1343 2395 non
1385 2339 1556 2395 novis
1591 2341 1697 2415 qui
1740 2345 2026 2397 vocantur
2065 2338 2254 2416 poetis
2298 2336 2673 2396 adnumerari
2714 2345 2921 2416 potest,

747 2426 971 2501 quippe
1023 2423 1119 2481 cui
1168 2423 1358 2498 magis
1411 2424 1727 2480 conveniat
1777 2443 1909 2482 cum
1950 2424 2235 2482 Varronis
2286 2423 2528 2481 Reatini
2578 2423 2920 2482 rationibus.

749 2506 853 2567 sed
879 2528 1012 2566 cum
1038 2526 1115 2567 ex
1137 2506 1267 2566 loco
1287 2505 1673 2565 Ciceroniano
1701 2525 1876 2585 quem
1902 2506 2201 2567 attulimus
2227 2507 2608 2583 intellegatur
2635 2527 2662 2566 s
2689 2506 2922 2567 litterae

747 2614 1048 2672 apocopen
1090 2612 1327 2671 prorsus
1361 2592 1734 2651 abhorruisse
1777 2613 1814 2652 a
1858 2601 2050 2652 sectae
2095 2591 2460 2652 Catonianae
2504 2594 2755 2671 placitiS,
2812 2592 2926 2653 Ca-

748 2678 959 2739 tullum
993 2680 1057 2737 in
1090 2686 1179 2738 tot
1212 2677 1479 2737 versibus
1514 2676 1694 2737 semel
1730 2676 2076 2737 dormitasse
2118 2698 2243 2736 non
2285 2687 2374 2738 est
2416 2677 2715 2752 credibile,
2758 2678 2924 2738 vide-

743 2773 956 2844 turque
990 2767 1186 2843 potius
1220 2767 1287 2822 in
1321 2762 1432 2822 hoc
1466 2763 1888 2842 epigrammate
1923 2762 2222 2822 licentiam
2250 2761 2473 2842 alioqui
2501 2770 2756 2842 spretam
2791 2785 2922 2824 cum

747 2858 902 2911 certo
929 2849 1186 2929 quodam
1219 2848 1465 2907 consilio
1502 2848 1858 2921 adhibuisse,
1894 2866 2004 2907 nec
2035 2851 2236 2926 inepte
2262 2850 2557 2925 suspicere
2584 2850 2769 2927 petita
2797 2866 2922 2908 esse

742 2936 930 2995 verba
982 2934 1177 2994 ‘dabi’
1231 2933 1611 3012 supplicium'
1659 2952 1736 2992 ex
1777 2936 1921 3011 ipsis
1967 2931 2151 2993 Gellii
2193 2932 2461 2991 versibus
2512 2937 2579 2992 in
2625 2931 2919 2992 Catullum

744 3020 915 3079 factis
968 3018 1044 3077 ad
1090 3018 1467 3079 inridendum
1507 3017 1927 3077 adversarium.
1997 3017 2149 3077 alter
2189 3017 2353 3077 locus
2396 3021 2500 3097 qui
2542 3017 2622 3076 ad
2662 3026 2920 3078 nostram

745 3108 1147 3183 quaestionem
1181 3106 1438 3182 pertinet
1471 3110 1559 3163 est
1591 3104 1658 3161 in
1692 3103 2075 3182 epistularum
2108 3100 2186 3159 ad
2212 3102 2476 3162 Atticum
2500 3104 2627 3163 VH
2654 3105 2691 3159 2
2727 3106 2779 3176 1,
2817 3105 2918 3162 ubi

746 3188 953 3248 Cicero
996 3192 1064 3246 in
1104 3187 1402 3247 narranda
1451 3188 1614 3246 felici
1658 3206 1766 3246 sua
1808 3190 2191 3264 navigatione
2232 3185 2388 3246 facto
2431 3188 2545 3247 ioci
2590 3207 2769 3247 causa
2811 3186 2920 3247 hoc

742 3273 1085 3331 hexametro
1132 3272 1325 3330 ‘flavit
1368 3272 1443 3331 ab
1478 3272 1666 3350 Epiro
1708 3271 2059 3332 lenissumus
2095 3270 2527 3332 Onchesmites’
2571 3274 2657 3331 ita
2700 3273 2918 3352 pergit:

745 3358 930 3416 ‘hunc
963 3351 1423 3425 σπονδειάζοντα
1457 3358 1509 3415 si
1553 3360 1651 3416 cui
1682 3356 1850 3416 voles
1883 3359 1995 3416 ’τῶν
2031 3353 2317 3431 νεωτέρων
2353 3377 2459 3436 pro
2494 3363 2595 3416 tuo
2638 3354 2917 3417 vendito)

740 3442 960 3522 quibus
993 3442 1193 3502 verbis
1219 3445 1468 3500 nimium
1496 3461 1785 3501 novorum
1811 3450 2115 3520 poetarum
2146 3461 2404 3501 amorem
2431 3461 2708 3501 versuum
2733 3442 2922 3502 heroi-

742 3548 946 3587 corum
985 3530 1055 3585 in
1094 3526 1269 3585 binos
1321 3525 1610 3605 spondeos
1662 3531 2006 3587 exeuntium
2034 3527 2255 3605 ·lepide
2305 3546 2416 3586 nec
2457 3530 2748 3586 immerito
2791 3541 2921 3607 per-

743 3614 1000 3690 stringit.
1055 3614 1305 3671 nimium
1341 3631 1599 3671 amorem
1636 3611 1902 3672 dicimus.
1957 3632 2096 3671 nam
2124 3611 2643 3690 spondiazontibus
2679 3616 2922 3673 omnino

741 3697 1042 3758 abstinere
1094 3700 1437 3775 paucissimi
1486 3704 1717 3756 tantum
1768 3705 1980 3778 poetae
2024 3696 2239 3756 Graeci
2288 3697 2610 3776 Latinique
2661 3701 2923 3756 animum

737 3782 1125 3855 induxerunt,
1169 3784 1413 3862 ipseque
1449 3781 1655 3842 Cicero
1690 3783 1754 3840 in
1787 3781 2028 3842 Arateis
2072 3782 2249 3841 semel
2292 3785 2419 3841 eius
2451 3781 2615 3841 modi
2648 3782 2922 3842 hexame-

740 3876 897 3927 trum
933 3868 1172 3927 admisit
1205 3867 1346 3942 (vol.
1381 3867 1496 3941 XI,
1530 3887 1589 3945 p.
1630 3869 1751 3925 107
1788 3867 1878 3925 ed.
1912 3869 2067 3926 Bait.
2103 3874 2163 3926 et
2195 3867 2404 3944 Kays„
2439 3886 2496 3924 v.
2527 3864 2690 3943 237).
2764 3867 2919 3927 conf.

740 3952 820 4011 A.
871 3953 1192 4012 Viertelius
1260 3954 1325 4011 in
1397 3951 1594 4010 annal.
1657 3951 1859 4030 philol.
1927 3960 1967 4010 t.
2030 3951 2348 4024 LXXXV,
2417 3972 2476 4030 p.
2540 3953 2659 4010 801
2717 3972 2795 4011 ss.
2865 3959 2923 4012 et

739 4036 817 4095 A.
843 4037 1225 4096 Ludwichius
1258 4040 1323 4095 in
1352 4036 1760 4096 dissertatione
1795 4035 1869 4095 de
1903 4036 2133 4096 hexam.
2163 4045 2315 4114 poet.
2346 4035 2557 4096 Graec.
2586 4036 2920 4115 spondiacis

739 4122 919 4181 Halis
965 4142 1018 4182 a.
1068 4122 1231 4180 1866
1279 4120 1456 4194 edita,
1506 4121 1721 4199 quibus
1764 4129 1964 4181 tamen
2008 4123 2287 4201 utrisque,
2334 4143 2466 4181 cum
2508 4125 2575 4180 in
2621 4120 2923 4181 Ciceronis

733 4207 980 4267 Arateis
1016 4206 1132 4266 duo
1170 4206 1663 4287 spondiazontum
1700 4206 1970 4287 exempla
2012 4209 2207 4265 inesse
2242 4205 2562 4281 crederent,
2608 4206 2825 4267 accidit
2856 4214 2925 4265 ut
