3225 5171
670 434 772 478 CIV
1533 434 1985 480 PROLEGOMENA

663 556 840 613 nemo
904 557 1123 630 negare
1182 560 1375 633 potest
1436 553 1705 633 plurimis
1764 554 2237 634 foedissimisque
2287 556 2852 636 interpolationibus

667 640 1043 719 inquinatum
1060 657 1202 698 esse.
1257 642 1359 710 sic,
1388 646 1456 697 ut
1481 659 1675 718 pauca
1701 640 1958 719 exempli
1984 643 2177 716 gratia
2194 640 2475 716 adferam,
2496 663 2542 702 c.
2562 644 2779 704 XOV²
2809 649 2840 703 1

667 724 944 783 lacunam
978 726 1181 802 inepto
1228 722 1631 783 additamento
1667 726 1877 782 laboris
1897 725 2132 803 explet,
2173 746 2219 784 c.
2259 726 2404 787 CIV
2428 730 2469 786 4
2503 749 2611 808 pro
2646 731 2845 789 verbis

670 819 728 867 tu
766 829 884 866 eum
928 809 1194 884 Tappone
1229 808 1332 867 dat
1375 819 1434 867 tu
1471 819 1668 867 cuneta
1701 820 1884 886 potes,
1932 830 1979 868 c.
2015 811 2112 869 XI
2139 812 2175 868 3
2213 832 2322 891 pro
2356 823 2417 871 ut
2450 832 2585 873 rara
2620 816 2845 891 signifi-

670 896 902 954 catione
950 893 1129 953 locali
1180 900 1460 972 usurpato
1513 915 1649 953 cum
1700 894 1996 974 plerisque
2046 898 2371 955 recentium
2424 897 2709 958 librorum
2752 900 2853 958 ubz'

670 979 987 1051 substituit,
1036 998 1084 1037 c.
1119 978 1227 1036 19
1275 982 1492 1054 quidem
1534 982 1707 1039 metri
1749 978 2051 1040 reficiendi
2095 1000 2273 1040 causa
2316 1001 2393 1041 ex
2440 986 2591 1058 quod
2639 984 2846 1044 fictum

669 1063 925 1136 exhibet,
964 1084 1010 1122 c.
1037 1063 1310 1124 LXXVI
1341 1066 1421 1123 10
1446 1064 1663 1124 falsum
1698 1065 2012 1124 verborum
2045 1065 2311 1126 ordinem
2345 1066 2543 1127 hiatus
2578 1069 2844 1130 evitandi

669 1152 862 1227 gratia
894 1148 1090 1221 infert,
1128 1169 1175 1208 c.
1208 1148 1383 1209 CXV
1410 1150 1445 1207 5
1482 1171 1588 1228 pro
1618 1153 1906 1224 saltusque
1931 1153 2283 1227 paludesque
2316 1155 2558 1230 praebet
2583 1158 2848 1229 altasque

659 1237 927 1311 paludes,
983 1254 1099 1314 quo
1143 1233 1486 1294 hexameter
1536 1235 2045 1313 hypercatalectus
2087 1236 2168 1295 ad
2207 1237 2475 1313 regulam
2515 1247 2841 1313 revocatur,

670 1320 962 1378 sententia
1003 1338 1239 1398 pessum
1285 1319 1473 1378 datur.
1545 1339 1699 1399 quae
1744 1340 1879 1379 cum
1919 1322 2006 1379 ita
2050 1323 2183 1395 sint,
2232 1325 2412 1381 etiam
2443 1322 2628 1382 bonas
2662 1325 2848 1383 huius

670 1404 888 1464 codicis
939 1403 1249 1477 lectiones,
1304 1406 1356 1462 si
1407 1404 1645 1484 quidem
1697 1426 1733 1462 a
1786 1408 2177 1465 consentienti
2228 1407 2513 1466 librorum
2567 1409 2625 1470 Gr
2675 1419 2734 1468 et
2785 1407 2842 1468 Ο

666 1492 950 1549 memoria
981 1488 1280 1560 recedunt,
1319 1491 1712 1568 suspicionem
1737 1509 1976 1550 movere
2002 1499 2460 1552 consentaneum
2489 1500 2593 1567 est,
2648 1512 2842 1573 neque

668 1574 1005 1634 dubitamus
1049 1577 1195 1653 quin
1239 1573 1557 1654 pleraeque
1591 1594 1794 1635 earum
1837 1576 1911 1634 ab
1946 1576 2117 1635 Italis
2164 1580 2502 1637 coniectura
2535 1581 2846 1638 restitutae

667 1663 802 1733 sint,
838 1672 906 1717 ut
950 1678 1044 1718 ex.
1082 1680 1168 1736 gr.
1204 1658 1358 1717 illud
1402 1679 1601 1718 canam
1645 1681 1694 1719 c.
1729 1660 1907 1720 LXV
1944 1663 2039 1719 12.
2112 1669 2175 1719 at
2207 1682 2433 1740 paucae
2469 1670 2606 1721 sunt
2638 1672 2841 1723 tamen

667 1764 814 1824 quas
857 1744 1220 1823 probabilius
1267 1747 1342 1803 sit
1394 1764 1469 1805 ex
1504 1746 1563 1805 V
1597 1749 1932 1806 manavisse
1984 1766 2163 1826 quam
2206 1749 2543 1807 correctoris
2594 1750 2843 1826 ingenio

667 1829 885 1889 deberi.
955 1829 1073 1888 huc
1106 1831 1304 1889 nescio
1341 1849 1420 1889 an
1455 1833 1650 1906 petitis
1687 1850 1733 1889 c.
1769 1830 1980 1891 LXVI
2017 1833 2096 1890 83
2126 1831 2506 1893 ‘referendum
2541 1835 2631 1905 sit,
2680 1833 2841 1912 quod

666 1934 704 1973 a
740 1912 964 1973 Catulli
996 1935 1179 1973 manu
1211 1914 1539 1994 profectum
1574 1934 1703 1976 esse
1737 1935 2057 1976 censemus.
2129 1919 2295 1977 cuius
2329 1917 2457 1977 loco
2494 1917 2653 1997 quod
2690 1918 2748 1979 Gr
2782 1928 2845 1978 et

667 1998 720 2060 O
758 2002 956 2072 colitis,
1003 1999 1107 2058 alii
1142 2003 1410 2075 quaeritis
1447 1999 1607 2074 dant,
1653 2000 1715 2058 id
1759 2000 1935 2060 facile
1970 2003 2057 2060 ita
2091 2002 2375 2080 explicari
2417 2012 2610 2081 potest
2642 2013 2709 2062 ut
2740 2003 2842 2062 hic

665 2104 901 2164 quoque
942 2088 1141 2144 varias
1179 2087 1248 2143 -in
1290 2085 1350 2146 V
1392 2084 1576 2146 fuisse
1620 2085 1902 2146 lectiones
1945 2107 2247 2166 ponamus.
2327 2087 2716 2147 confidentius
2763 2088 2841 2148 de

664 2190 715 2229 c.
732 2169 978 2229 XCVII
1004 2170 1040 2227 5
1064 2169 1417 2244 iudicamus,
1454 2170 1560 2230 ubi
1587 2171 1808 2231 codicis
1832 2172 1893 2230 D
1919 2174 2175 2248 vestigia
2201 2174 2385 2231 secuti
2411 2193 2543 2232 cum
2569 2174 2842 2252 Hauptio

664 2253 957 2314 edidimus
982 2255 1143 2334 quod
1167 2256 1246 2315 ab
1263 2255 1561 2332 elegantia
1585 2258 1866 2316 orationis
1890 2259 2111 2335 pariter
2128 2265 2304 2337 atque
2321 2261 2493 2317 metri
2516 2258 2840 2336 plurimum

664 2338 1192 2399 commendationis
1224 2339 1420 2412 habet,
1458 2362 1588 2399 nam
1624 2345 1741 2399 sine
1774 2344 2027 2400 dentibus
2062 2353 2162 2400 est.
2245 2345 2423 2402 dentis
2459 2363 2523 2400 os
2558 2346 2840 2419 sesquipe-

664 2423 836 2481 dalis.
897 2425 1175 2482 nimirum
1202 2444 1335 2483 cum
1362 2425 1423 2483 D
1449 2426 1536 2484 hic
1562 2428 1743 2484 dentis
1773 2428 1897 2499 hos,
1935 2427 1994 2487 Gr
2020 2436 2080 2487 et
2106 2427 2159 2488 O
2188 2447 2322 2487 cum
2356 2427 2597 2508 reliquis
2632 2428 2846 2507 pleris⁴

665 2526 782 2589 que
808 2508 997 2568 solum
1021 2509 1109 2566 hie
1134 2509 1314 2567 dentis
1340 2510 1680 2589 praebeant,
1715 2530 2060 2590 persuasum
2085 2513 2256 2572 nobis
2282 2520 2372 2573 est
2405 2514 2464 2573 V
2499 2513 2844 2573 exhibuisse

664 2606 913 2722 dentis&
928 2663 1047 2734 hos,
1091 2662 1252 2722 unde
1294 2666 1690 2743 superscripta
1730 2664 1905 2724 lectio
1951 2667 2014 2723 in
2059 2664 2117 2725 Gr
2160 2675 2220 2724 et
2264 2664 2317 2725 Ο
2362 2670 2652 2737 transiret,
2701 2687 2839 2727 cum

663 2747 728 2806 id
762 2747 1163 2827 apographon,
1200 2766 1277 2808 ex
1311 2769 1433 2828 quo
1460 2750 1520 2807 D
1555 2750 1745 2823 fluxit,
1783 2757 2091 2829 utramque
2117 2749 2437 2822 ‚lectionem
2469 2754 2771 2830 reciperet.

671 2890 679 2898 -
791 2850 922 2908 Iam
956 2858 1023 2909 ut
1057 2868 1259 2909 eorum
1294 2869 1448 2930 quae
1482 2850 1610 2910 dixi
1645 2871 1932 2910 summam
1966 2851 2197 2924 faciam,
2233 2854 2298 2910 in
2333 2854 2471 2911 crisi
2497 2851 2841 2913 Catulliana

666 2935 902 2995 codices
938 2934 996 2995 Gr
1031 2942 1090 2995 et
1126 2934 1198 3009 O,
1246 2956 1496 3015 quorum
1532 2938 1768 3017 utrique
1800 2956 1924 2996 sua.
1944 2946 2031 2995 est
2062 2938 2268 3009 virtue,
2303 2936 2483 3013 longe
2517 2938 2838 3017 plurimum

666 3023 1029 3079 auctoritatis
1071 3020 1295 3080 habent
1336 3016 1725 3101 fidissimique
1761 3021 1838 3080 ad
1881 3021 2420 3081 reconcinnandam
2453 3023 2591 3082 libri
2627 3023 2683 3083 V
2718 3042 2838 3082 me·

667 3109 930 3176 moriam,
967 3104 1126 3164 unde
1163 3107 1351 3165 omnis
1388 3107 1722 3166 emendatio
1757 3107 2044 3186 proficisci
2082 3106 2272 3181 debet,
2311 3105 2489 3167 duces
2526 3114 2677 3167 sunt.
2731 3108 2840 3168 sed-

666 3188 746 3248 ad
785 3189 1342 3268 repraesentandam
1385 3194 1603 3251 vetusti
1645 3192 1805 3251 illius
1853 3191 2213 3271 'exemplaris
2264 3194 2585 3268 imaginem
2626 3211 2703 3252 ne
2746 3212 2838 3253 re·

667 3275 952 3332 centiores
996 3273 1236 3351 quidem
1279 3274 1509 3335 codices
1545 3280 1674 3336 sine
1718 3281 1880 3336 omni
1923 3277 2117 3336 fructu
2161 3275 2532 3350 adhibentur,
2576 3297 2841 3356 praeser-

663 3360 774 3417 tim
827 3377 960 3417 cum
1010 3359 1069 3418 V
1120 3356 1456 3438 duplicibus
1509 3363 1811 3439 scripturis
1867 3363 2162 3422 confertus
2213 3363 2410 3436 fuerit,
2475 3383 2724 3441 quarum
2777 3362 2837 3423 G

664 3441 900 3515 multas,
952 3450 1015 3501 at
1054 3463 1176 3502 non
1218 3446 1541 3518 universas,
1581 3444 1635 3505 Ο
1672 3455 1867 3506 autem
1909 3447 2033 3507 fere
2078 3448 2325 3508 alteram
2366 3458 2558 3506 utram
2600 3455 2838 3507 tantum

661 3547 858 3607 neque
901 3547 1130 3607 semper
1172 3546 1305 3588 eam
1347 3549 1499 3609 quae
1541 3532 1607 3589 in
1642 3530 1700 3591 Gr
1736 3540 2016 3610 conparet
2050 3540 2154 3591 aut
2195 3535 2258 3591 in
2300 3533 2413 3592 hoc
2446 3533 2598 3592 libro
2634 3535 2842 3611 primi-

663 3617 842 3691 genia
885 3621 975 3674 est
1015 3616 1314 3694 reciperet.
1395 3618 1797 3677 consentiente
1839 3625 2035 3677 autem
2077 3617 2362 3677 librorum
2398 3617 2456 3678 Gr
2492 3626 2552 3678 et
2586 3617 2639 3678 Ο
2675 3621 2840 3677 testi-

661 3702 863 3758 monio
899 3702 1012 3759 etsi
1045 3699 1390 3780 plerumque
1421 3707 1548 3760 tuto
1583 3701 1724 3761 licet
1759 3701 2039 3780 colligere
2073 3702 2386 3763 lectionem
2422 3701 2499 3763 ab
2536 3705 2619 3763 eis
2654 3703 2838 3762 tradi-

660 3791 785 3843 tam
826 3787 892 3844 in
937 3788 1068 3863 ipso
1113 3791 1283 3844 textu
1322 3785 1547 3846 'codicis
1581 3788 1641 3847 V
1676 3795 1975 3845 exaratam
2021 3786 2220 3861 fuisse,
2266 3797 2464 3847 tamen
2510 3788 2735 3847 nullam
2771 3788 2837 3848 id

661 3873 1072 3948 exceptionem
1131 3869 1352 3931 habere
1411 3875 1532 3930 non
1593 3874 2004 3951 praestiterim,
2064 3873 2390 3952 videorque
2451 3873 2594 3931 mihi
2656 3893 2840 3952 supra

658 3973 841 4013 unum
895 3954 1105 4013 saltem
1161 3954 1357 4015 locum
1419 3956 1685 4016 attulisse
1744 3977 1861 4036 quo
1922 3958 2094 4017 ambo
2156 3960 2609 4037 superscriptam
2660 3960 2725 4016 in
2778 3959 2841 4019 V

658 4038 971 4098 lectionem
1023 4039 1326 4117 amplexos
1378 4058 1504 4101 esse
1555 4042 1941 4121 probabiliter
1993 4046 2255 4102 sumitur.
2344 4050 2602 4102 ceterum
2652 4043 2838 4104 libros

656 4122 795 4181 illos
838 4125 1102 4183 novicios
1137 4126 1202 4185 in
1235 4146 1408 4186 usum
1442 4129 1682 4187 vocanti
1718 4146 1944 4186 summa
1980 4147 2125 4206 opus
2162 4147 2288 4188 esse
2323 4131 2599 4187 cautione
2632 4146 2739 4206 per
2774 4148 2843 4189 se

567 4273 574 4281 ,
654 4207 1036 4286 intellegitur.
1428 4213 1431 4218 '
1933 4227 1948 4242 ·
