3225 5171
661 478 903 522 cxxvm
1438 477 1608 520 Anno
1614 478 1796 520 TA'rIo
1843 479 2089 520 0311·ch

668 600 927 656 restituit
967 594 1251 672 Scaliger,
1307 602 1507 656 tamen
1549 597 1699 655 mihi
1740 596 1980 677 quidem
2032 605 2215 656 totam
2262 601 2539 658 carminis
2586 603 2851 679 conposi-

659 687 892 742 tionem
930 683 1232 760 reputanti
1273 685 1403 740 veri
1446 681 1639 742 simile
1678 683 1915 742 videtur
1959 681 2259 742 Catullum
2301 687 2511 763 ipsum,
2570 686 2849 764 quemad-

668 766 911 826 modum
958 770 1021 825 in
1084 768 1401 845 prooemio,
1455 769 1540 826 sic
1600 769 1666 826 in
1718 767 1831 827 hoc
1884 767 2115 847 epilogo
2177 788 2412 848 quoque
2464 773 2849 848 praenomine

669 855 835 910 Mani
875 872 1045 912 usum
1091 870 1232 911 esse.
1312 850 1463 910 conf.
1511 871 1666 931 quae
1716 873 1895 931 supra
1940 855 2204 932 exposui.
2272 862 2588 933 utrumque
2630 875 2848 916 nomen

662 941 850 997 etiam
883 959 940 997 v.
979 938 1059 995 66
1096 939 1161 995 in
1203 935 1369 995 libris
1405 938 1716 997 confusum
1750 944 1855 1010 est,
1903 937 2007 996 ubi
2042 957 2244 998 veram
2280 942 2630 1017 scripturam
2663 943 2850 1000 Allius

664 1024 828 1082 solus
865 1021 918 1083 Ο
954 1021 1198 1101 praebet
1238 1020 1514 1101 idemque
1555 1025 1621 1081 in
1655 1026 1927 1099 margine
1961 1022 2321 1102 adscriptum
2354 1024 2535 1084 habet
2567 1030 2846 1099 manllius,

660 1126 825 1188 -quae
858 1116 1230 1167 monstruosa
1263 1107 1454 1165 forma
1489 1109 1619 1167 sine
1654 1107 1833 1167 dubio
1870 1107 2012 1167 inde
2039 1117 2129 1169 est
2164 1117 2293 1167 orta
2326 1109 2488 1187 quod
2522 1111 2649 1170 sive
2689 1114 2756 1170 in
2787 1112 2849 1171 V

2290 1209 2395 1237 man

663 1257 798 1313 sive
830 1254 897 1312 in
931 1252 1048 1311 alio
1086 1251 1284 1331 aliquo
1323 1251 1525 1310 codice
1558 1259 1791 1311 vetusto
1836 1255 2117 1332 scriptum
2153 1261 2280 1313 erat
2323 1252 2523 1348 allius3
2577 1276 2683 1334 pro
2728 1275 2846 1335 quo

669 1364 730 1425 Gr
763 1371 825 1424 et
856 1363 1126 1443 plerique
1157 1363 1376 1442 reliqui
1408 1364 1670 1434 manlius,
1708 1361 1813 1421 alii
1845 1367 2047 1421 malias
2074 1363 2173 1423 vel
2200 1366 2417 1424 similia
2443 1366 2742 1426 exhibent.
2759 1397 2846 1408 —

674 1451 794 1508 157
832 1460 884 1507 et
927 1452 1024 1524 qui
1065 1469 1232 1523 quam
1267 1451 1454 1524 primo
1497 1448 1653 1505 nobis
1690 1457 1899 1506 terram
1943 1451 2094 1506 dedit
2138 1452 2326 1522 aufert
2361 1452 2583 1529 scripsi.
2665 1461 2716 1508 et
2751 1453 2848 1525 qui

656 1536 945 1612 principio
1006 1535 1160 1591 nobis
1213 1543 1421 1591 terram
1472 1535 1623 1590 dedit
1675 1535 1862 1605 aufert
1914 1532 2161 1606 codiceS,
2224 1535 2381 1614 quod
2415 1554 2605 1595 cruce
2655 1535 2843 1594 tribus

667 1620 868 1679 verbis
937 1618 1214 1678 extremis
1282 1621 1621 1697 praeposita
1688 1620 1931 1677 retinuit
1996 1619 2313 1697 Hauptius.
2421 1640 2533 1697 ego
2602 1620 2844 1700 quidem

665 1704 941 1765 Vahleno
974 1705 1042 1762 in
1084 1706 1382 1781 prooemio
1418 1703 1597 1762 indic.
1634 1701 1768 1762 lect.
1807 1711 1947 1762 aest.
1983 1703 2175 1762 Berol.
2213 1725 2265 1763 a.
2306 1707 2489 1778 1882,
2534 1726 2591 1784 p.
2627 1708 2668 1763 4
2687 1726 2731 1764 s.
2770 1705 2844 1765 de

667 1790 798 1849 loco
837 1789 948 1848 hoc
984 1787 1334 1847 difficillimo
1372 1787 1699 1866 disputanti
1735 1795 1978 1848 eatenus
2013 1788 2313 1849 adsentior
2345 1798 2414 1849 ut
2446 1792 2574 1869 ipse
2608 1809 2843 1870 quoque

658 1877 882 1933 ‘vitium
916 1877 982 1932 in
1014 1877 1227 1952 priore,
1273 1893 1412 1946 non,
1459 1881 1526 1932 ut
1558 1872 1827 1952 plerique
1862 1892 2079 1946 omnes,
2115 1877 2181 1932 in
2217 1875 2403 1934 altera
2434 1894 2641 1935 versus
2674 1883 2843 1954 parte

656 1957 1072 2039 quaerendum
1107 1977 1235 2017 esse
1270 1977 1556 2022 censeam.
1646 1965 1825 2037 atque
1859 1960 2154 2018 contraria
2186 1961 2343 2019 inter
2378 1980 2440 2020 se
2474 1961 2659 2020 verba
2692 1963 2843 2018 dedit

655 2047 856 2118 *aufert
915 2064 1038 2103 non
1096 2042 1505 2122 attemptanda
1555 2060 1684 2102 esse
1733 2051 1892 2103 recte
1942 2047 2062 2102 iam
2121 2045 2223 2104 Fr.
2261 2043 2589 2105 Schoellius
2642 2045 2839 2104 annal.

655 2129 872 2210 philol.
911 2128 1123 2189 CXXI
1157 2130 1283 2188 480
1320 2128 1552 2188 dixerat
1593 2131 1893 2207 ceteroqui
1934 2132 2082 2188 mire
2116 2129 2333 2207 lapsus.
2411 2130 2518 2190 sed
2552 2133 2842 2190 coniectu-

666 2235 798 2274 ram
838 2214 1115 2288 Vahleni,
1170 2215 1273 2292 qui
1325 2216 1497 2272 initio
1549 2232 1755 2272 versus
1812 2215 1932 2271 157
1987 2216 2399 2274 coniunctione
2451 2217 2581 2272 dum
2628 2236 2736 2294 pro
2790 2226 2842 2273 et

661 2300 928 2379 reposita
968 2306 1159 2358 totum
1203 2298 1497 2357 distichon
1541 2296 1615 2357 de
1650 2298 1798 2357 Iove
1837 2299 2108 2376 intellegi
2147 2299 2292 2373 vult,
2340 2299 2720 2379 conpluribus
2766 2299 2841 2360 de

658 2387 863 2444 causis
905 2384 1155 2462 probare
1197 2401 1443 2463 nequeo.
1529 2384 1786 2461 primum
1829 2387 1988 2442 enim
2020 2386 2289 2464 Iuppiter
2332 2387 2434 2464 qui
2468 2386 2648 2445 finem
2680 2387 2842 2446 vitae

657 2469 1009 2529 hominibus
1056 2472 1294 2546 inponit
1341 2476 1559 2527 terram
1610 2468 1696 2526 eis
1748 2467 1986 2528 auferre
2030 2473 2137 2527 vix
2196 2469 2433 2530 videtur
2483 2470 2601 2529 dici
2651 2489 2839 2550 posse.

660 2553 891 2615 deinde
923 2552 1059 2614 talis
1097 2552 1361 2613 definitio
1388 2554 1669 2632 temporis
1705 2571 1892 2633 usque
1918 2553 1996 2613 ad
2030 2553 2188 2634 quod
2212 2554 2442 2615 Allium
2467 2555 2841 2637 reliquosque

666 2641 878 2701 felices
930 2659 1057 2699 esse
1105 2639 1274 2698 iubet
1314 2646 1507 2717 poeta,
1561 2639 1740 2698 etiam
1785 2642 1836 2697 si
1878 2659 1986 2718 per
2027 2659 2090 2699 se
2130 2641 2270 2700 huic
2313 2641 2442 2701 loco
2484 2650 2627 2720 apta
2668 2650 2838 2716 esset,

664 2746 795 2805 *qua
840 2724 913 2784 de
953 2744 1020 2784 re
1064 2724 1333 2784 dubitare
1377 2723 1532 2796 licet,
1578 2731 1735 2783 certe
1768 2744 1890 2783 non
1933 2725 2146 2784 mediis
2180 2729 2334 2784 votis
2368 2728 2563 2799 inseri,
2602 2727 2706 2787 sed
2741 2747 2840 2787 ex·

660 2821 857 2870 ‘tremo
905 2809 1093 2869 subici
1137 2809 1406 2869 debebat.
1495 2816 1556 2867 at
1596 2815 1796 2868 tamen
1837 2809 1984 2868 illuc
2026 2810 2331 2871 transferri
2374 2811 2668 2872 distichon
2711 2814 2840 2891 ipsa

664 2916 880 2957 versus
927 2897 1049 2954 160
1092 2895 1386 2955 sententia
1435 2901 1612 2953 vetat.
1711 2894 1967 2973 denique
2017 2896 2421 2973 probabilitati
2471 2900 2840 2957 coniecturae

659 2981 740 3040 id
788 3000 1025 3061 quoque
1075 2981 1282 3053 obstat,
1338 2981 1448 3039 etsi
1488 2981 1731 3038 minoris
1784 2987 1872 3039 est
1920 2984 2218 3053 momenti,
2272 2981 2431 3060 quod
2479 3003 2599 3042 non
2652 2982 2840 3043 solum

674 3066 1030 3138 hominibuS,
1066 3084 1271 3124 verum
1306 3067 1482 3125 etiam
1509 3064 1762 3123 domui
1742 3086 1809 3123 ιιι
1834 3084 1954 3143 qua
1988 3067 2163 3123 amici
2196 3026 2463 3126 luserunt
2496 3066 2840 3128 felicitatem

673 3159 946 3230 precatur
988 3158 1176 3228 poeta.
1266 3168 1419 3228 quae
1465 3169 1597 3208 cum
1633 3152 1719 3208 ita
1752 3152 1885 3223 sint,
1932 3165 2043 3227 ego
2079 3150 2157 3208 ad
2191 3169 2321 3210 eam
2353 3153 2549 3230 potius
2585 3151 2841 3234 deducor

666 3238 1029 3295 sententiam
1078 3242 1146 3293 ut
1202 3236 1477 3292 maritum
1538 3233 1813 3294 dominae
1870 3194 1969 3294 bic
2019 3235 2338 3312 significari
2392 3239 2674 3315 suspicer,
2737 3241 2841 3316 qui

669 3320 837 3400 quod
870 3319 948 3378 ad
990 3319 1055 3377 id
1094 3320 1438 3398 permiserit,
1483 3320 1602 3376 iam
1645 3320 1976 3397 permittere
2019 3320 2271 3399 amplius
2306 3320 2470 3394 nolit,
2515 3321 2743 3381 scilicet
2773 3330 2842 3381 ut

674 3406 875 3464 Allius
927 3404 1087 3483 apud
1135 3422 1380 3463 uxorem
1430 3422 1600 3462 suam
1653 3423 1786 3462 cum
1838 3407 2028 3464 amica
2079 3410 2438 3480 conveniret,
2489 3405 2841 3486 videturque

674 3491 822 3550 mihi
864 3492 1020 3549 circa
1062 3489 1219 3547 hanc
1260 3507 1386 3547 rem
1429 3487 1734 3547 calamitas
1775 3488 1929 3547 Allii
1970 3498 2206 3550 versata
2248 3510 2389 3551 esse.
2476 3494 2693 3551 etenim
2737 3495 2841 3571 qui

660 3580 904 3648 *intenta
946 3574 1245 3634 oculorum
1290 3576 1416 3632 acie
1451 3578 1650 3632 omnia
1685 3593 1837 3653 quae
1869 3575 1986 3634 huc
2019 3574 2246 3635 faciunt
2280 3578 2688 3656 circumspicit,
2733 3581 2840 3635 vix

671 3667 867 3740 potest
908 3659 1181 3719 dubitare
1227 3662 1374 3739 quin
1415 3658 1521 3717 ille
1564 3678 1798 3738 quoque
1840 3679 1973 3718 cum
2018 3669 2205 3739 nupta
2248 3660 2495 3721 muliere
2528 3669 2588 3720 et
2630 3661 2836 3734 nobili,

660 3766 925 3825 quacum
960 3746 1078 3804 alio
1112 3744 1241 3804 loco
1275 3745 1462 3803 libere
1496 3747 1814 3805 convenire
1849 3748 1905 3804 ei
1937 3765 2059 3804 non
2092 3746 2309 3819 liceret,
2355 3746 2841 3806 consuetudinem

671 3831 960 3891 habuerit.
1047 3830 1292 3908 adparet
1325 3837 1520 3888 autem
1556 3850 1732 3909 quam
1765 3830 2155 3908 periculosum
2189 3831 2365 3891 fuerit
2398 3831 2636 3891 domum
2672 3852 2841 3891 suam

658 3916 889 3975 talibus
958 3915 1364 3991 congressibus
1431 3915 1730 3993 praebere,
1800 3922 2052 3995 apteque
2111 3914 2189 3974 ad
2248 3935 2378 3975 eam
2437 3936 2563 3977 rem
2622 3918 2841 3977 Mum-o

670 4002 798 4059 crit.
839 4001 957 4059 185
1012 3999 1163 4058 illud
1215 3998 1376 4080 quod
1425 4019 1464 4057 a
1513 3999 1726 4058 Tacito
1779 4000 1977 4059 annal.
2012 4001 2111 4060 XI
2145 4001 2186 4057 4
2239 4003 2367 4060 init.
2402 4001 2656 4061 traditur
2702 4024 2842 4062 con-

665 4085 822 4143 tulit.
890 4087 1012 4143 iam
1039 4088 1090 4143 si
1116 4084 1345 4144 Allium
1371 4087 1653 4144 sumimus
1687 4083 1905 4145 furtivo
1935 4088 2045 4144 isto
2084 4088 2428 4145 commercio
2454 4087 2606 4147 forte
2640 4087 2840 4166 palam

664 4170 827 4229 facto
879 4169 1198 4249 inpellente
1241 4191 1310 4229 ac
1359 4173 1625 4230 minante
1666 4169 1825 4229 laeso
1870 4173 2080 4230 marito
2127 4172 2201 4231 ab
2257 4190 2328 4231 ea
2378 4170 2552 4231 domo
2606 4173 2709 4232 ubi
2763 4173 2842 4232 ad

656 4255 734 4314 id
786 4263 1012 4335 tempus
1066 4274 1262 4315 amore
1315 4274 1420 4315 suo
1463 4253 1677 4315 fruitus
1729 4262 1855 4314 erat
1906 4256 2209 4316 exclusum
2262 4264 2365 4317 aut
2407 4265 2564 4318 certe
2615 4258 2718 4331 ibi,
2773 4266 2872 4337 ut
