3225 5171
784 452 827 505 1.
905 451 912 455 '
1655 463 2107 505 Pnonneomnna

780 584 1137 642 recentiores
1181 583 1283 659 qui
1327 580 1401 640 de
1442 583 1711 661 personis
1757 581 2110 641 Catullianis
2153 583 2511 660 scripserunt
2563 588 2794 641 tantum
2837 590 2958 641 non

789 686 991 725 omnes
1033 666 1358 725 Veranium
1409 677 1469 724 et
1509 667 1832 725 Fabullum
1885 669 2123 726 comites
2175 667 2357 726 fuisse
2401 674 2666 726 statuunt
2706 667 2775 725 L.
2823 666 2959 726 Cal·-

769 752 986 830 ·purnii
1027 751 1265 810 Pisonis
1311 750 1653 823 Caesonini,
1701 754 1805 830 qui
1850 751 1921 810 de
1967 752 2276 811 consulatu
2319 772 2374 810 a.
2410 747 2639 830 696158
2685 759 2850 828 gesto
2892 755 2958 810 in

786 835 1200 896 Macedoniam
1233 837 1600 914 provinciam
1636 836 1749 894 sibi
1785 835 2137 895 destinatam
2172 837 2319 895 abiit
2343 856 2536 916 neque
2569 843 2707 895 ante
2734 857 2957 894 annum

789 917 1017 998 699155
1039 923 1164 980 sive
1182 920 1442 980 medium
1469 923 1594 980 sive
1611 931 1938 981 extremum
1964 921 2131 980 illinc
2155 924 2399 981 revertit
2416 921 2593 996 (conf.
2616 920 2960 980 Schwabius

785 1028 844 1085 p.
892 1006 1016 1064 250
1051 1004 1138 1082 s.).
1209 1005 1367 1085 quod
1420 1009 1471 1064 si
1521 1007 1819 1078 statuitur,
1877 1008 2139 1064 carmina
2178 1007 2277 1065 IX
2332 1013 2391 1065 et
2430 1007 2580 1079 XII,
2635 1008 2698 1064 in
2743 1007 2961 1084 quibus

776 1092 1033 1152 ¹Veranii
1078 1098 1137 1150 et
1177 1091 1419 1149 Fabulli
1461 1093 1526 1149 in
1568 1091 1867 1167 Hispania
1915 1093 2311 1169 peregrinatio
2365 1098 2866 1163 commemoratur,
2922 1111 2959 1149 a

788 1176 1144 1235 carminibus
1187 1175 1474 1234 XXVIII
1517 1183 1575 1234 et
1616 1175 1885 1248 XLVII,
1940 1194 1973 1233 e
2017 1176 2229 1254 quibus
2280 1195 2379 1235 eos
2431 1177 2673 1234 comites
2724 1176 2958 1234 Pisonis

786 1261 968 1321 fuisse
1002 1260 1383 1336 intellegitur,
1418 1262 1748 1319 necessario
1785 1260 2115 1337 separanda
2149 1268 2300 1319 sunt.
2372 1268 2435 1319 at
2466 1268 2666 1319 tamen
2701 1260 2836 1319 talis
2870 1267 2958 1319 est

787 1348 1114 1405 carminum
1157 1347 1419 1404 omnium
1464 1363 1617 1423 quae
1661 1344 1931 1404 Catullus
1984 1344 2061 1404 ad
2109 1345 2217 1403 hos
2270 1347 2487 1404 amicos
2537 1346 2697 1403 misit
2748 1351 2851 1404 aut
2892 1348 2955 1403 in

786 1432 1000 1510 quibus
1043 1450 1243 1490 eorum
1294 1431 1650 1488 mentionem
1695 1429 1837 1488 fecit
1887 1431 2036 1488 ratio
2091 1437 2267 1508 atque
2314 1430 2580 1489 condicio
2630 1441 2698 1487 ut
2737 1448 2843 1508 per
2896 1443 2957 1489 se

785 1516 970 1575 multo
1014 1517 1142 1574 veri
1185 1514 1432 1573 similius
1479 1516 1556 1573 sit
1603 1516 1880 1573 continuo
1934 1533 2061 1574 sese
2103 1517 2404 1592 excepisse
2447 1534 2519 1574 ea
2562 1534 2737 1594 quam
2780 1514 2956 1591 longe

787 1600 1035 1659 diversis
1070 1599 1431 1677 temporibus
1467 1601 1687 1677 scripta
1720 1618 1863 1672 esse,
1909 1599 1972 1657 id
2006 1599 2164 1678 quod
2208 1602 2396 1675 magis
2444 1601 2622 1658 etiam
2665 1599 2823 1657 infra
2857 1599 2957 1658 ad-

784 1685 1032 1764 parebit,
1069 1684 1173 1743 ubi
1208 1685 1415 1742 seriem
1451 1703 1663 1756 rerum,
1709 1684 1944 1762 qualem
1979 1684 2150 1744 nobis
2186 1693 2381 1743 mente
2415 1684 2816 1755 formavimuS,
2853 1702 2952 1742 ex-

785 1788 1086 1849 ponemus.
1160 1767 1399 1841 deinde,
1454 1770 1506 1827 si
1558 1789 1606 1828 c.
1652 1768 1940 1841 XXVIII
1992 1771 2135 1828 anni
2189 1764 2415 1848 699155
2472 1768 2716 1828 dimidio
2770 1769 2958 1828 altero

786 1855 1021 1914 demum
1066 1852 1421 1912 condidisset
1460 1862 1661 1933 poeta,
1714 1853 1771 1910 h.
1818 1873 1866 1912 e.
1913 1855 2142 1913 circiter
2186 1874 2341 1913 anno
2394 1861 2455 1913 et
2498 1872 2604 1913 sex
2655 1854 2957 1913 mensibus

783 1933 917 2018 post
968 1959 1139 1998 suum
1192 1957 1268 1998 ex
1310 1938 1599 2016 Bithynia
1650 1938 1919 2011 reditum,
1971 1941 2079 1997 vix
2130 1958 2265 1997 eum
2315 1945 2438 1997 tam
2491 1938 2841 1998 exacerbato
2890 1941 2957 1998 in

781 2025 1131 2084 Memmium
1166 2026 1362 2082 animo
1397 2023 1660 2082 futurum
1694 2023 1876 2082 fuisse
1910 2023 2278 2083 arbitramur.
2349 2022 2603 2103 denique
2627 2025 2954 2085 Veranium

781 2110 1240 2187 Fabullumque,
1296 2127 1482 2186 aeque
1535 2116 1713 2188 atque
1767 2107 2093 2181 Catullum,
2145 2112 2211 2167 in
2263 2109 2498 2168 cohorte
2547 2111 2955 2188 propraetoris„

776 2215 907 2254 non
940 2194 1305 2273 proconsulis
1341 2193 1524 2252 fuisse
1557 2195 1757 2253 nescio
1794 2214 1871 2252 an
1909 2214 2039 2252 cum
2075 2194 2287 2252 Ellisio
2324 2201 2630 2252 comment.
2667 2214 2723 2272 p.
2765 2195 2842 2252 72
2880 2212 2960 2253 ex

782 2279 878 2337 his
904 2278 1099 2337 verbis
1130 2278 1222 2335 ‘ut
1248 2277 1410 2348 mihi,
1439 2280 1542 2356 qui
1559 2298 1756 2338 meum
1774 2277 2006 2338 secutus
2022 2279 2388 2338 Praetorem'
2417 2276 2490 2355 (c.
2510 2278 2797 2338 XXVIII
2826 2281 2862 2336 7
2881 2275 2957 2353 s.)

782 2363 1169 2442 probabiliter
1203 2362 1404 2438 colligi
1430 2365 1630 2441 possit.
1685 2371 1888 2423 contra
1912 2364 2059 2422 haec
2093 2384 2213 2422 non
2236 2364 2487 2423 multum
2514 2364 2691 2436 valet,
2729 2366 2955 2441 opinor,

784 2447 945 2527 quod
971 2449 1213 2506 nomina
1236 2467 1476 2522 vappae,
1513 2467 1739 2523 verpae,
1774 2452 1935 2523 verpi
1956 2451 2179 2524 Priapi,
2210 2449 2423 2527 quibus
2453 2447 2721 2508 Catullus
2747 2449 2956 2507 Pisoni

776 2533 1032 2593 insultat
1083 2531 1393 2608 (XXVIII
1437 2534 1489 2591 5.
1540 2533 1635 2590 12.
1679 2532 1922 2593 XLVII
1966 2531 2057 2610 4),
2112 2534 2370 2594 moribus
2413 2534 2483 2593 L.
2530 2534 2765 2593 Pisonis
2810 2532 2957 2594 Cae*

787 2622 998 2692 sonini,
1045 2618 1246 2697 quales
1283 2638 1318 2675 a
1354 2618 1640 2677 Cicerone
1686 2625 1830 2677 orat.
1874 2621 1941 2677 in
1974 2618 2095 2678 Pis.
2143 2617 2176 2693 ἓ
2212 2621 2293 2677 42
2340 2628 2397 2678 et
2443 2620 2520 2677 69
2569 2626 2628 2677 et
2672 2617 2743 2677 de
2783 2638 2954 2696 prov.

780 2704 1004 2765 consul.
1053 2705 1086 2778 ᾗ
1125 2706 1161 2761 6
1208 2703 1635 2775 describuntur,
1679 2706 2057 2776 conveniunt,
2101 2706 2411 2782 minusque
2456 2706 2634 2763 etiam
2676 2702 2955 2781 ponderis

782 2791 998 2870 reliqui
1048 2789 1164 2848 loci
1215 2788 1434 2847 habere
1494 2788 1643 2846 mihi
1692 2788 1969 2847 videntur
2020 2809 2056 2846 a
2108 2788 2417 2848 Schwabio
2476 2809 2532 2866 p.
2589 2789 2710 2845 247
2749 2808 2821 2847 εει.
2876 2788 2954 2846 ad

783 2873 1200 2934 stabiliendam
1243 2873 1696 2950 Iungclausseni
1747 2875 2099 2933 sententiam
2151 2893 2227 2933 ex
2279 2873 2485 2932 eodem
2538 2880 2765 2932 oratore
2817 2893 2954 2932 con·

785 2962 952 3037 gesti.
1005 2960 1097 3017 his
1134 2960 1414 3038 expositis
1450 2958 1527 3016 ad
1554 2958 1784 3037 reliqua
1811 2977 1963 3037 quae
1987 2958 2104 3016 huc
2131 2960 2429 3036 pertinent
2459 2966 2733 3037 poemata
2751 2957 2957 3017 ordine

785 3043 1117 3105 enarranda
1145 3045 1556 3102 convertimur.
1610 3043 1970 3102 carminibus
1995 3042 2095 3101 IX
2121 3051 2179 3102 et
2204 3044 2368 3101 XIII
2396 3045 2642 3102 carmini
2667 3042 2954 3102 XXVIII

781 3139 1044 3207 tempore
1071 3130 1352 3206 proximis
1377 3135 1612 3205 poetam
1640 3127 1885 3207 adparet
1910 3127 2264 3206 respondere
2290 3127 2368 3186 ad
2394 3129 2713 3186 amicorum
2739 3130 2955 3206 epistu-

782 3216 873 3272 las
909 3213 1120 3291 quibus
1157 3231 1289 3272 eum
1324 3211 1727 3270 salutaverant
1759 3214 2044 3291 brevique
2068 3214 2293 3272 Romae
2329 3232 2455 3272 sese
2489 3211 2795 3271 adfuturos
2829 3232 2955 3273 esse

783 3300 1216 3357 nuntiaverant.
1286 3303 1466 3375 atque
1497 3298 1562 3354 in
1595 3299 1790 3375 priore
1825 3297 2064 3375 quidem
2100 3297 2176 3356 ad
2211 3298 2535 3356 Veranium
2567 3299 2744 3356 misso
2789 3296 2955 3355 laeti-

781 3385 926 3441 tiam
963 3401 1081 3460 qua
1116 3400 1177 3440 se
1210 3381 1370 3439 hunc
1406 3380 1480 3440 ob
1517 3383 1793 3440 nuntium
1818 3382 2096 3460 perfundi
2120 3384 2297 3441 sentit
2330 3382 2737 3461 pulcherrimis
2772 3384 2954 3441 versi-

782 3469 892 3527 bus
929 3468 1220 3546 exprimit.
1274 3466 1522 3525 alterum
1558 3473 1754 3525 autem
1788 3487 2022 3526 carmen
2058 3466 2135 3524 ad
2159 3467 2481 3526 Fabullum
2508 3465 2708 3526 datum
2743 3466 2958 3545 lepori-

781 3554 892 3613 bus
927 3551 1221 3611 redundat
1255 3571 1323 3609 ac
1358 3549 1602 3610 facetiis.
1659 3571 1798 3609 nam
1835 3573 1963 3610 cum
1989 3552 2279 3611 Fabullus
2304 3553 2553 3611 Romam
2587 3550 2956 3630 profecturus

785 3641 974 3698 amico
1027 3638 1323 3715 scripserit
1373 3655 1606 3715 sperare
1657 3655 1720 3695 se
1773 3637 1900 3696 fore
1952 3643 2018 3695 ut
2076 3639 2281 3716 paucis
2342 3635 2549 3695 diebus
2610 3635 2769 3713 apud
2821 3655 2954 3695 eum

786 3743 995 3785 cenare
1044 3719 1244 3801 possit,
1298 3723 1492 3780 iocose
1542 3722 1813 3780 rescribit
1860 3730 2052 3800 poeta,
2106 3724 2157 3780 si
2207 3722 2360 3781 bene
2402 3721 2506 3780 ille
2557 3720 2717 3799 apud
2761 3723 2954 3800 ipsum

781 3827 996 3868 cenare
1032 3808 1246 3885 cupiat,
1293 3808 1348 3865 ei
1384 3808 1582 3865 omnia
1617 3806 1694 3864 ad
1729 3806 1792 3864 id
1828 3808 2157 3866 necessaria
2200 3826 2398 3866 secum
2442 3805 2765 3865 adferenda
2808 3824 2954 3879 esse,

783 3914 919 3953 cum
963 3894 1147 3971 ipsius
1191 3891 1457 3950 sacculus
1500 3891 1711 3969 plenus
1755 3910 2101 3949 aranearum
2156 3894 2246 3949 sit.
2318 3911 2495 3970 quam
2537 3892 2776 3969 inopiae
2820 3911 2956 3950 con·

780 3979 1100 4037 fessionem
1135 3978 1354 4054 optime
1389 3992 1711 4052 congruere
1751 3976 1919 4035 vides
1954 3996 2087 4035 cum
2131 3977 2216 4034 eis
2250 3995 2404 4054 quae
2441 3974 2708 4035 Catullus
2753 3975 2957 4054 paullo

778 4070 925 4121 ante
966 4064 1202 4139 utrique
1247 4063 1432 4119 amico
1479 4067 1803 4139 aperuerat,
1858 4061 1972 4119 sibi
2012 4062 2078 4119 in
2122 4059 2411 4138 Bithynia
2452 4060 2587 4139 plus
2630 4079 2955 4139 expensum

785 4167 964 4226 quam
1016 4152 1321 4223 acceptum
1374 4164 1499 4205 esse
1554 4142 1633 4218 (v.
1680 4164 1727 4203 c.
1772 4144 2057 4205 XXVIII
2107 4146 2143 4201 6
2192 4165 2235 4203 s.
2283 4166 2413 4203 cum
2459 4144 2655 4204 adnot.
2710 4141 2954 4217 critica).

778 4231 946 4312 quod
981 4238 1175 4292 autem
1209 4238 1384 4311 poeta
1417 4228 1584 4289 addit
1619 4248 1682 4289 se
1706 4239 2072 4307 unguentum
2098 4228 2355 4290 Fabullo
2384 4237 2589 4289 contra
2624 4230 2957 4290 oblaturum
