3225 5171
737 452 882 511 xum
1602 472 2058 516 PRoLneoMnNA

731 607 972 666 quoque
997 588 1428 668 Transpadana
1462 590 1616 649 bene
1642 599 1785 649 nota
1809 591 2006 652 fuisse.
2075 592 2227 652 conf.
2266 614 2320 671 p.
2350 595 2531 653 XIII.
2598 615 2751 675 quae
2780 617 2912 656 cum

734 674 822 730 ita
856 677 993 745 sint,
1029 677 1206 733 etiam
1241 675 1630 734 honorificum
1658 675 1920 735 Cornelii
1956 677 2028 736 de
2063 683 2227 757 poesi
2255 679 2595 740 Catulliana
2623 681 2913 741 iudicium

726 761 802 816 111
837 761 1027 835 primo
1073 761 1330 819 carmine
1367 769 1879 820 commemoratum
1922 763 2309 840 probabiliter
2348 764 2622 824 videmur
2655 766 2733 824 ad
2769 785 2911 826 eun-

724 842 873 901 dem
907 863 1199 922 passerem
1239 844 1412 904 modo
1441 845 1664 904 editum
1700 846 1934 906 referre.
1991 868 2065 906 ex
2092 868 2161 907 eo
2192 857 2386 908 autem
2421 870 2621 909 rursus
2656 851 2913 910 efficitur

730 935 803 986 ut
828 928 1064 987 libellus
1091 929 1168 988 ad
1191 929 1361 988 illum
1389 934 1600 989 missus
1626 940 1759 1009 post
1775 935 1888 991 iter
1904 933 2283 1006 Bithynicum
2311 935 2608 1012 prodierit,
2629 939 2911 1014 quoniam

725 1016 892 1071 inter
933 1014 1107 1073 huius
1151 1015 1467 1074 voluminis
1512 1015 1833 1075 editionem
1878 1025 1937 1076 et
1986 1021 2161 1077 istam
2214 1018 2614 1079 laudationem
2657 1021 2907 1100 Nepotis

735 1097 1107 1177 aliquantum
1150 1103 1429 1179 temporis
1473 1102 1872 1160 intercessisse
1908 1105 2139 1162 scimus.
2229 1111 2404 1184 atque
2438 1105 2578 1164 inde
2615 1108 2795 1164 etiam
2831 1106 2908 1165 ad

726 1183 981 1241 alteram
1034 1188 1440 1263 quaestionem
1502 1205 1657 1264 quae
1701 1195 1789 1244 est
1844 1186 1917 1246 de
1962 1188 2319 1247 carminibus
2365 1190 2474 1248 hoc
2525 1189 2727 1249 libello
2773 1212 2907 1250 con-

730 1268 1039 1346 prehensis
1076 1270 1303 1348 aliquid
1339 1278 1494 1328 certe
1528 1271 1882 1349 proficimus,
1955 1276 2065 1331 etsi
2100 1276 2258 1333 enim
2294 1293 2445 1354 quae
2482 1284 2737 1355 quotque
2773 1297 2905 1335 con-

722 1355 978 1413 tinuerit
1027 1374 1236 1432 corpus
1285 1353 1559 1413 Cornelio
1614 1358 1963 1435 inscriptum
2017 1367 2285 1418 accurate
2338 1359 2581 1419 definire
2632 1360 2789 1419 velle
2841 1363 2904 1420 in

722 1439 913 1497 *tantis
948 1438 1207 1497 tenebris
1245 1438 1563 1498 absurdum
1600 1439 1766 1514 foret,
1803 1450 2003 1501 tamen
2037 1443 2100 1501 id
2135 1444 2343 1502 saltem
2377 1444 2578 1521 paullo
2608 1445 2906 1505 confiden-

725 1524 849 1580 tius
885 1522 1198 1581 adfirmare
1232 1522 1435 1582 licebit
1467 1525 1747 1604 pleraque
1782 1531 2077 1604 poematia
2112 1529 2198 1587 ibi
2234 1529 2479 1589 collecta
2514 1530 2591 1588 ad
2624 1548 2717 1589 res
2745 1551 2902 1591 anno

266 1656 293 1679 ,ἱ
734 1603 962 1682 696158
1012 1611 1359 1686 posteriores
1404 1612 1755 1687 pertinuisse
1790 1619 1849 1669 et
1890 1614 2045 1670 inter
2090 1614 2209 1672 alia
2243 1633 2313 1673 ea
2346 1614 2594 1674 infuisse
2639 1635 2789 1695 quae
2824 1616 2905 1674 ad

720 1696 923 1770 ‘ipsam
967 1696 1504 1771 peregrinationem
1550 1693 1773 1753 Catulli
1818 1695 2169 1776 domumque
2214 1697 2564 1758 reditionem
2616 1708 2901 1779 spectant,

722 1785 798 1835 ut
851 1779 1112 1836 carmina
1154 1778 1247 1837 IV
1288 1778 1353 1836 X
1393 1778 1683 1838 XXVIII
1725 1780 1949 1840 XXXI
1993 1783 2199 1843 XLVI
2243 1784 2344 1855 CI,
2399 1786 2612 1863 quibus
2663 1793 2904 1864 propter

729 1871 1058 1941 temporum
1109 1865 1364 1922 rationes
1410 1864 1507 1922 IX
1551 1885 1784 1943 quoque
1840 1874 1898 1925 et
1939 1868 2106 1925 XIII
2150 1867 2531 1945 adiungenda
2582 1889 2900 1929 censemus.

727 1956 961 2027 praeter
996 1947 1112 2006 duo
1148 1948 1294 2008 haec
1319 1952 1745 2026 poematiorum
1778 1950 2096 2027 lyricorum
2125 1973 2368 2031 corpora
2396 1954 2695 2014 Catullum
2724 1958 2901 2014 etiam

728 2035 954 2091 maiora
1008 2053 1114 2091 sua
1165 2036 1428 2092 carmina
1471 2037 1665 2113 ipsum
1711 2035 1965 2096 edidisse
2012 2057 2115 2096 cur
2159 2039 2498 2115 negandum
2544 2042 2619 2098 sit
2662 2061 2900 2098 causam

563 1972 963 2335 RQ
993 2117 1348 2196 dispicimus,
1420 2126 1480 2179 et
1514 2120 1776 2198 epyllion
1812 2121 2051 2199 quidem
2085 2121 2159 2181 de
2194 2127 2415 2200 nuptiis
2448 2125 2616 2183 Pelei
2651 2134 2711 2184 et
2743 2126 2901 2184 The-

712 2225 802 2284 tid

939 2202 1100 2282 quod
1152 2224 1328 2282 supra
1381 2207 1662 2283 suspicati
1714 2226 1913 2266 sumus
1964 2209 2028 2266 in
2070 2208 2359 2287 Bithynia
2410 2208 2709 2268 conditum
2753 2230 2897 2282 esse,

704 2307 965 2390 ‚quando
1025 2307 1117 2346 aer
1161 2308 1224 2347 se
1269 2288 1458 2347 solum
1501 2292 1565 2347 in
1608 2292 2078 2366 magnitudinem
2121 2294 2259 2352 libri
2300 2297 2517 2372 poetici
2560 2295 2900 2355 extenditur

711 2412 909 2474 ‚neque
946 2391 1104 2450 314,-
1162 2376 1317 2432 inter
1353 2373 1692 2433 Catulliana
1728 2393 1962 2436 carmen
2007 2381 2238 2458 epicum
2285 2387 2463 2452 extat,
2517 2379 2676 2439 haud
2721 2380 2900 2441 dubie

708 2479 1053 2558 separatim,
1108 2458 1603 2528 ,uemadmodum
1637 2461 1898 2538 Zmyrna
1935 2460 2179 2531 Cinnae,
2222 2465 2588 2542 publicatum
2624 2474 2727 2524 est.
2801 2465 2898 2525 de-

709 2564 858 2625 inde
904 2564 1149 2623 comam
1177 2546 1494 2609 renices
1539 2565 1674 2604 cum
1724 2546 2048 2625 praemissa
2099 2547 2177 2606 ad
2220 2549 2491 2609 Ortalum
2543 2551 2797 2628 epistula
2840 2559 2899 2611 et

710 2652 976 2727 elegiam
1019 2647 1098 2707 ad
1132 2634 1376 2711 .
1413 2629 1620 2689 eodem
1666 2634 1895 2690 circiter
1929 2640 2208 2711 tempore,
2253 2634 2310 2693 h.
2350 2655 2397 2694 e.
2436 2656 2487 2693 a.
2527 2633 2755 2711 694fsso
2795 2645 2898 2695 aut

720 2736 951 2808 695159
1009 2734 1254 2810 scriptas
1316 2708 1860 2796 esf-'mrnpositionis
1919 2719 2148 2777 ratione
2210 2719 2576 2799 aliquatenus
2628 2723 2784 2779 inter
2834 2740 2899 2782 se

719 2820 942 2882 Similes
993 2821 1058 2877 in
1110 2806 1546 2875 monobibloff-
1566 2805 1901 2881 ’.,11111110133
1960 2802 2142 2862 fuisse
2193 2825 2313 2863 non
2366 2813 2453 2865 est
2503 2805 2894 2883 inprobabile,

711 2907 999 2984 ‘idemque
1041 2906 1107 2962 in
1143 2901 1289 2960 duos
1332 2900 1759 2977 hymenae.·;··.
1788 2887 2060 2971 sde
2094 2889 2336 2969 reliquis
2381 2890 2737 2949 carminibus
2775 2911 2897 2949 ma-

721 2992 945 3051 ioribus
991 2992 1325 3048 coniectura
1367 2983 1743 3043 abstinemus,
1824 2983 1921 3057 e'p1
1933 3038 1954 3049 ,
2108 3000 2140 3039 fe
2164 2985 2440 3051 ·,
2480 2979 2544 3033 in
2580 2975 2896 3035 Caesarem

725 3078 1229 3153 Caesarianosque
1263 3070 1439 3142 facta,
1474 3076 1542 3126 ut
1574 3070 1681 3125 vix
1717 3068 1912 3145 putari
1944 3069 2189 3141 possunt
2222 3059 2287 3120 in
2321 3057 2526 3120 libello
2563 3059 2641 3118 ad
2676 3060 2895 3121 Corne-

724 3163 871 3220 lium
915 3162 1092 3218 misso
1136 3158 1334 3216 locum
1365 3153 1659 3224 habuisse,
1706 3153 1884 3210 etiam
1932 3153 1982 3208 si
2025 3168 2157 3208 eum
2194 3167 2351 3206 anno
2388 3145 2626 3204 demum
2665 3146 2895 3221 700s54

725 3245 991 3326 prodisse
1034 3261 1350 3313 sumamus,
1394 3242 1480 3297 ita
1521 3257 1665 3296 num
1712 3237 1949 3294 omnino
1995 3255 2032 3293 a
2077 3232 2311 3293 Catullo
2354 3234 2419 3290 in
2461 3250 2648 3289 unum
2694 3239 2896 3308 coacta

722 3328 1087 3409 bibliopolae
1128 3326 1348 3385 tradita
1392 3327 1511 3382 sint
1552 3322 1812 3381 dubitari
1853 3321 2009 3379 licet.
2079 3339 2221 3377 nam
2263 3324 2395 3397 post
2430 3315 2912 3375 satisfactionem

619 3454 623 3457 >
713 3415 968 3497 quidem
1003 3420 1210 3492 poetae
1245 3411 1376 3469 fieri
1418 3407 1484 3466 id
1522 3407 1686 3466 nullo
1733 3405 1905 3464 modo
1949 3406 2210 3483 potuisse
2249 3408 2369 3461 iam
2407 3421 2584 3481 supra
2620 3400 2895 3460 diximus.

727 3506 927 3581 itaque
956 3502 1070 3558 ista
1097 3495 1437 3557 credibilius
1465 3501 1554 3563 est
1579 3500 1806 3550 mortuo
1829 3490 2063 3549 Catullo
2084 3488 2330 3547 collecta
2358 3506 2498 3558 esse,
2530 3506 2661 3545 cum
2694 3488 2897 3566 eisque

717 3589 851 3646 -alia
892 3605 1015 3644 non
1051 3582 1217 3641 nulla
1252 3600 1405 3660 quae
1445 3578 1548 3637 ille
1593 3579 1871 3637 extremis
1904 3579 2064 3633 vitae
2102 3593 2242 3632 suae
2280 3576 2451 3632 annis
2491 3579 2896 3649 conposuerat,

725 3672 917 3732 veluti
954 3672 1218 3728 carmina
1251 3664 1604 3724 XXXVIII
1638 3670 1696 3721 et
1728 3660 1961 3732 XLIX,
2009 3667 2111 3717 aut
2145 3660 2460 3717 memoriae
2494 3656 2742 3735 prodere
2777 3677 2899 3715 non

732 3759 1110 3832 cogitaverat,
1166 3752 1364 3832 qualia
1417 3756 1553 3808 sunt
1602 3746 1987 3826 probabiliter
2042 3744 2159 3804 CII
2211 3752 2269 3803 et
2321 3742 2488 3814 CIII,
2543 3748 2601 3800 et
2654 3741 2900 3801 fortasse

728 3845 912 3900 ctiam
948 3839 1153 3898 CXVI
1181 3846 1240 3897 et
1265 3836 1370 3909 LI,
1406 3840 1766 3913 possuntque
1802 3851 1873 3890 ea
1908 3838 2011 3889 aut
2038 3829 2208 3888 alteri
2241 3831 2360 3887 utri
2395 3826 2468 3887 de
2504 3826 2731 3885 duobus
2767 3845 2902 3906 poe-

730 3932 1024 3983 matorum
1058 3926 1351 3981 minorum
1389 3918 1727 3998 corporibus
1764 3916 1967 3975 addita
1993 3923 2095 3973 aut
2133 3920 2400 3991 separato
2428 3910 2718 3970 volumini
2748 3932 2901 3970 com-

730 4014 916 4069 missa
960 4027 1102 4068 esse.
1173 4010 1259 4066 ita
1304 4004 1588 4084 conplura
1631 4001 1973 4061 monobibla
2018 3998 2357 4059 Catulliana
2408 3997 2694 4056 extabant
2747 4006 2901 4055 certe

724 4114 919 4175 'usque
971 4092 1048 4151 ad
1100 4100 1352 4152 aetatem
1403 4088 1711 4161 MartiaIiS‚
1766 4090 1868 4166 qui
1920 4105 2121 4145 eorum
2171 4104 2359 4142 unum
2409 4084 2900 4141 commemoravit.

729 4187 1046 4259 postquam
1091 4186 1288 4237 autem
1332 4175 1409 4234 ad
1452 4172 1839 4253 propaganda
1880 4172 2206 4230 litterarum
2249 4176 2628 4227 monumenta
2672 4166 2901 4226 codices

721 4265 1100 4326 :membranei
1149 4267 1214 4323 in
1258 4279 1626 4322 communem
1670 4277 1842 4317 usum
1884 4257 2069 4334 recipi
2113 4262 2250 4314 sunt
2294 4254 2501 4335 coepti,
2558 4254 2757 4311 omnia
2798 4252 2908 4310 illa.
