3225 5171
1311 482 1545 538 LIBER
2368 469 2452 537 59

399 628 653 692 quaene
689 606 880 673 etiam
915 596 1130 696 nostro
1165 606 1360 671 letum
1397 606 1755 671 miserabile
1789 597 1970 670 fratri

491 699 720 766 attulit.
758 754 762 760 .
811 700 868 765 ei
905 699 1136 765 misero
1170 702 1364 765 frater
1400 700 1698 788 adempte
1731 699 1908 776 mihi,

403 794 467 859 ei
500 794 732 860 misero
769 794 946 858 fratri
982 794 1331 858 iucundum
1364 794 1581 859 lumen
1618 792 2009 878 ademptum,

493 897 705 953 tecum
741 910 871 951 una
905 893 1038 951 tota
1073 897 1171 951 est
1203 881 1420 951 nostra.
1455 888 1703 972 sepulta
1739 888 1985 963 domus,

402 981 621 1046 omnia
655 991 865 1046 tecum
900 1004 1030 1045 una
1063 982 1388 1065 perierunt
1419 982 1657 1066 gaudia
1691 975 1927 1058 nostra,
2448 1003 2451 1008 ·
2489 1000 2591 1057 95‘

491 1095 659 1157 quae
694 1085 843 1139 tuus
878 1075 945 1137 in
981 1074 1112 1138 vita
1149 1075 1350 1139 dulcis
1387 1075 1599 1139 alebat
1635 1096 1831 1138 amor.

403 1190 602 1251 quem
637 1190 809 1232 nunc
844 1178 974 1231 tam
1011 1168 1201 1253 longe
1238 1189 1366 1232 non
1400 1168 1565 1233 inter
1599 1181 1751 1232 nota
1786 1168 2077 1253 sepulcra
2195 1163 2198 1166 ¹

497 1283 617 1327 nec
650 1265 848 1347 prop'e
885 1272 1188 1348 cognatos
1225 1255 1621 1347 conpositum
1657 1262 1919 1339 cineres,

406 1356 524 1421 sed
559 1356 755 1421 Troia
788 1357 1084 1433 obscena,
1120 1356 1314 1420 Troia
1353 1357 1605 1422 infelice
1642 1358 1963 1442 sepultum

499 1450 739 1516 detinet
773 1460 1054 1516 extremo
1091 1461 1257 1515 terra
1292 1451 1499 1516 aliena
1533 1452 1689 1515 solo.
2496 1470 2601 1526 100

406 1544 495 1610 ad
528 1566 723 1628 quam
757 1543 890 1609 tum
926 1567 1271 1630 properans
1301 1535 1508 1610 'fertur
1544 1545 1732 1609 simul
1768 1544 2052 1629 undique
2087 1544 2289 1629 pubes

501 1637 702 1705 Graia
735 1639 1075 1724 penetralis
1114 1640 1464 1705 deseruisse
1500 1639 1700 1715 focos,

410 1754 494 1799 ne
528 1732 714 1798 Paris
749 1732 1026 1797 abducta
1057 1733 1317 1817 gavisus
1352 1733 1552 1797 libera
1586 1731 1853 1797 moecha
1887 1768 1899 1782 e

502 1827 631 1891 otia
663 1838 889 1913 pacato
927 1826 1188 1911 degeret
1219 1828 1286 1890 in
1325 1826 1620 1890 thalam0.

408 1942 545 2003 quo
580 1921 697 1984 tibi
733 1931 871 1984 tum
906 1943 1077 1995 casu,
1115 1921 1496 2006 pulcerrima
1529 1919 1902 1995 Laodamia,
2500 1939 2604 1994 105

502 2025 792 2100 ereptum
827 2025 923 2080 est
960 2016 1090 2079 vita
1126 2015 1373 2079 dulcius
1411 2026 1603 2097 atque
1640 2014 1851 2090 anima

411 2108 813 2194 coniugium:
851 2118 1028 2173 tanto
1065 2118 1127 2172 te
1162 2108 1508 2172 absorbens
1544 2108 1780 2171 vertice
1817 2106 2046 2170 amoris

507 2214 718 2267 aestus
754 2202 823 2266 in
858 2203 1201 2287 abruptum
1237 2201 1547 2266 detulerat
1580 2200 1971 2276 barathrum,

412 2297 609 2381 quale
643 2296 860 2360 ferunt
896 2293 1055 2360 Grai
1089 2295 1425 2360 Pheneum
1460 2316 1657 2379 prope
1697 2292 2075 2378 Cylleneum

507 2390 744 2455 siccare
781 2389 1025 2453 emulsa
1056 2387 1297 2474 pingue
1332 2388 1566 2473 palude
1604 2388 1831 2464 solum,
2503 2407 2608 2462 110

411 2483 592 2567 quod
626 2481 947 2567 quondam
982 2482 1183 2547 caesis
1220 2483 1449 2546 montis
1486 2482 1725 2547 fodisse
1762 2483 2058 2569 medullis

509 2577 687 2642 audit
721 2576 1095 2662 falsiparens
1131 2576 1762 2662 Amphitryoniades,

414 2684 707 2757 tempore
743 2693 870 2754 quo
908 2682 1080 2737 certa
1117 2670 1520 2756 Stymphalia
1553 2682 1836 2736 monstra
1872 2671 2107 2757 sagitta

509 2765 781 2851 perculit
813 2765 1079 2850 imperio
1116 2765 1442 2830 deterioris
1479 2766 1589 2841 eri,

424 2860 715 2945 pluribus
751 2870 824 2924 ut
859 2861 1017 2924 caeli
1053 2871 1359 2924 tereretur
1391 2859 1585 2922 ianua
1622 2858 1805 2934 divis,
1895 2943 1906 2947 ,ἢ
2507 2875 2615 2930 115

510 2954 698 3018 Hebe
732 2976 853 3018 nec
888 2954 1083 3038 longa
1117 2954 1477 3038 virginitate
1514 2952 1697 3016 foret.
1961 2944 1964 2949 '

418 3046 537 3111 sed
574 3056 722 3110 tuus
760 3047 923 3111 altus
960 3067 1138 3109 amor
1172 3044 1471 3110 barathro
1506 3044 1629 3108 fuit
1663 3043 1848 3108 altior
1881 3043 2013 3121 illo,

510 3139 621 3223 qui
654 3149 870 3204 tamen
902 3139 1275 3203 indomitam
1309 3138 1477 3223 ferre
1512 3139 1739 3223 iugum
1775 3139 2008 3223 docuit.

420 3257 573 3298 nam
611 3253 729 3297 nec
763 3244 894 3296 tam
930 3251 1148 3297 carum
1184 3232 1472 3296 confecto
1507 3241 1716 3296 aetate
1750 3232 1999 3316 parenti

511 3351 641 3391 una
673 3335 866 3411 caput
901 3326 1023 3390 seri
1057 3336 1209 3390 nata
1242 3325 1489 3405 nepotis
1527 3326 1661 3401 alit,
2512 3342 2618 3398 120

420 3420 556 3506 qui,
594 3442 740 3485 cum
777 3419 1010 3484 divitiis
1046 3420 1154 3482 vix
1191 3420 1449 3485 tandem
1484 3419 1783 3484 inventus
1821 3420 2007 3486 avitis

511 3507 746 3579 nomen
780 3522 1041 3578 testatas
1077 3513 1291 3577 intulit
1322 3513 1389 3577 in
1427 3513 1698 3587 tabulas,
1983 3534 1987 3538 ⁴

423 3608 599 3695 inpia
635 3606 827 3673 derisi
861 3606 1113 3692 gentilis
1149 3607 1388 3692 gaudia
1421 3599 1648 3672 tollens
1799 3603 1802 3607 ’

462 3758 468 3763 ,
513 3700 779 3765 suscitat
812 3722 852 3764 a
886 3722 1044 3765 cano
1080 3701 1422 3764 volturium
1457 3699 1678 3786 capiti:

427 3816 548 3860 nec
582 3803 829 3859 tantum
862 3795 1049 3859 niveo
1084 3795 1307 3878 gavisa
1342 3805 1439 3859 est
1472 3796 1603 3858 ulla
1639 3795 1936 3860 columbo
2511 3811 2619 3866 125

516 3909 771 3973 conpar,
807 3909 973 3971 quae
1006 3888 1206 3951 multo
1244 3888 1473 3951 dicitur
1506 3889 1835 3973 inprobius

423 3981 649 4046 oscula
682 3980 998 4045 mordenti
1032 4003 1284 4066 semper
1320 3981 1656 4074 decerpere
1693 3992 1896 4046 rostro

522 4095 712 4157 quam
748 4096 913 4160 quae
947 4075 1289 4160 praecipue
1325 4074 1656 4139 multivola
1692 4086 1787 4139 est
1821 4075 2078 4161 mulier:

428 4166 543 4234 sed
584 4177 653 4232 tu
687 4168 915 4234 horum
949 4191 1217 4254 magnos
1253 4168 1458 4233 vicisti
1501 4170 1636 4233 sola
1672 4161 1978 4247 furores)
2105 4158 2110 4165 .

519 4271 592 4326 ut
626 4263 821 4329 semel
861 4263 1131 4329 es1flavo
1169 4263 1500 4329 conciliata
1529 4263 1692 4328 viro·
2517 4277 2622 4331 130
