<?xml version="1.0" encoding="UTF-8"?>
<!DOCTYPE html PUBLIC "-//W3C//DTD XHTML 1.0 Transitional//EN"
    "http://www.w3.org/TR/xhtml1/DTD/xhtml1-transitional.dtd">
<html xmlns="http://www.w3.org/1999/xhtml" xml:lang="en" lang="en">
 <head>
  <title>
</title>
<meta http-equiv="Content-Type" content="text/html;charset=utf-8" />
  <meta name='ocr-system' content='tesseract 3.04.00' />
  <meta name='ocr-capabilities' content='ocr_page ocr_carea ocr_par ocr_line ocrx_word'/>
</head>
<body>
  <div class='ocr_page' id='page_1' title='image "./cvalericatulliv00schmgoog_0057.png"; bbox 0 0 3225 5171; ppageno 0'>
   <div class='ocr_carea' id='block_1_1' title="bbox 1157 437 2477 481">
    <p class='ocr_par' dir='ltr' id='par_1_1' title="bbox 1157 437 2477 481">
     <span class='ocr_line' id='line_1_1' title="bbox 1157 437 2477 481; baseline 0 -2"><span class='ocrx_word' id='word_1_1' title='bbox 1157 437 1614 481; x_wconf 70' lang='lat' dir='ltr'>PROLEGOMENA</span> <span class='ocrx_word' id='word_1_2' title='bbox 2332 437 2477 479; x_wconf 82' lang='lat' dir='ltr'>XLIX</span> 
     </span>
    </p>
   </div>
   <div class='ocr_carea' id='block_1_2' title="bbox 296 554 2488 4200">
    <p class='ocr_par' dir='ltr' id='par_1_2' title="bbox 296 554 2488 4200">
     <span class='ocr_line' id='line_1_2' title="bbox 296 554 2479 637; baseline -0.003 -17"><span class='ocrx_word' id='word_1_3' title='bbox 296 560 548 637; x_wconf 82' lang='lat' dir='ltr'>accepit.</span> <span class='ocrx_word' id='word_1_4' title='bbox 621 559 853 637; x_wconf 86' lang='lat' dir='ltr'>quaerit</span> <span class='ocrx_word' id='word_1_5' title='bbox 904 559 1062 616; x_wconf 88' lang='lat' dir='ltr'>enim</span> <span class='ocrx_word' id='word_1_6' title='bbox 1112 561 1368 636; x_wconf 91' lang='lat' dir='ltr'>primum</span> <span class='ocrx_word' id='word_1_7' title='bbox 1412 556 1556 636; x_wconf 90' lang='lat' dir='ltr'>quid</span> <span class='ocrx_word' id='word_1_8' title='bbox 1607 563 1791 634; x_wconf 86' lang='lat' dir='ltr'>agant</span> <span class='ocrx_word' id='word_1_9' title='bbox 1840 574 2098 636; x_wconf 89' lang='lat' dir='ltr'>numque</span> <span class='ocrx_word' id='word_1_10' title='bbox 2148 554 2479 636; x_wconf 84' lang='lat' dir='ltr'>paullulum</span> 
     </span>
     <span class='ocr_line' id='line_1_3' title="bbox 298 640 2477 722; baseline -0.001 -19"><span class='ocrx_word' id='word_1_11' title='bbox 298 645 456 704; x_wconf 89' lang='lat' dir='ltr'>lucri</span> <span class='ocrx_word' id='word_1_12' title='bbox 487 643 654 702; x_wconf 85' lang='lat' dir='ltr'>illinc</span> <span class='ocrx_word' id='word_1_13' title='bbox 687 645 1130 722; x_wconf 81' lang='lat' dir='ltr'>reportaverint,</span> <span class='ocrx_word' id='word_1_14' title='bbox 1178 640 1392 701; x_wconf 91' lang='lat' dir='ltr'>deinde</span> <span class='ocrx_word' id='word_1_15' title='bbox 1427 662 1525 701; x_wconf 91' lang='lat' dir='ltr'>eos</span> <span class='ocrx_word' id='word_1_16' title='bbox 1567 645 1699 721; x_wconf 89' lang='lat' dir='ltr'>pari</span> <span class='ocrx_word' id='word_1_17' title='bbox 1734 640 1916 702; x_wconf 86' lang='lat' dir='ltr'>fuisse</span> <span class='ocrx_word' id='word_1_18' title='bbox 1959 661 2100 701; x_wconf 89' lang='lat' dir='ltr'>casu</span> <span class='ocrx_word' id='word_1_19' title='bbox 2142 645 2208 700; x_wconf 92' lang='lat' dir='ltr'>in</span> <span class='ocrx_word' id='word_1_20' title='bbox 2240 641 2477 701; x_wconf 90' lang='lat' dir='ltr'>Pisonis</span> 
     </span>
     <span class='ocr_line' id='line_1_4' title="bbox 299 728 2479 807; baseline -0.002 -18"><span class='ocrx_word' id='word_1_21' title='bbox 299 729 561 800; x_wconf 80' lang='lat' dir='ltr'>cohorte,</span> <span class='ocrx_word' id='word_1_22' title='bbox 615 736 793 807; x_wconf 88' lang='lat' dir='ltr'>atque</span> <span class='ocrx_word' id='word_1_23' title='bbox 845 730 972 806; x_wconf 87' lang='lat' dir='ltr'>ipse</span> <span class='ocrx_word' id='word_1_24' title='bbox 1021 730 1088 785; x_wconf 89' lang='lat' dir='ltr'>in</span> <span class='ocrx_word' id='word_1_25' title='bbox 1132 728 1413 798; x_wconf 84' lang='lat' dir='ltr'>Memmii,</span> <span class='ocrx_word' id='word_1_26' title='bbox 1468 729 1813 806; x_wconf 88' lang='lat' dir='ltr'>suspicatur.</span> <span class='ocrx_word' id='word_1_27' title='bbox 1883 745 2077 805; x_wconf 87' lang='lat' dir='ltr'>neque</span> <span class='ocrx_word' id='word_1_28' title='bbox 2120 728 2279 785; x_wconf 90' lang='lat' dir='ltr'>enim</span> <span class='ocrx_word' id='word_1_29' title='bbox 2321 732 2479 785; x_wconf 88' lang='lat' dir='ltr'>recte</span> 
     </span>
     <span class='ocr_line' id='line_1_5' title="bbox 302 806 2478 892; baseline -0.001 -20"><span class='ocrx_word' id='word_1_30' title='bbox 302 815 606 887; x_wconf 89' lang='lat' dir='ltr'>Brunerus</span> <span class='ocrx_word' id='word_1_31' title='bbox 638 834 696 892; x_wconf 88' lang='lat' dir='ltr'>p.</span> <span class='ocrx_word' id='word_1_32' title='bbox 731 813 851 870; x_wconf 85' lang='grc'>635</span> <span class='ocrx_word' id='word_1_33' title='bbox 884 831 917 871; x_wconf 91' lang='lat' dir='ltr'>e</span> <span class='ocrx_word' id='word_1_34' title='bbox 942 833 999 870; x_wconf 89' lang='lat' dir='ltr'>v.</span> <span class='ocrx_word' id='word_1_35' title='bbox 1033 815 1109 868; x_wconf 91' lang='lat'>11</span> <span class='ocrx_word' id='word_1_36' title='bbox 1149 811 1437 871; x_wconf 81' lang='lat' dir='ltr'>conclusit</span> <span class='ocrx_word' id='word_1_37' title='bbox 1469 821 1705 890; x_wconf 90' lang='lat' dir='ltr'>poetam</span> <span class='ocrx_word' id='word_1_38' title='bbox 1739 806 1957 872; x_wconf 89' lang='lat' dir='ltr'>amicos</span> <span class='ocrx_word' id='word_1_39' title='bbox 1990 813 2111 870; x_wconf 90' lang='lat' dir='ltr'>iam</span> <span class='ocrx_word' id='word_1_40' title='bbox 2142 818 2478 890; x_wconf 80' lang='lat' dir='ltr'>praesentes</span> 
     </span>
     <span class='ocr_line' id='line_1_6' title="bbox 305 895 2480 975; baseline -0.002 -17"><span class='ocrx_word' id='word_1_41' title='bbox 305 899 580 958; x_wconf 87' lang='lat' dir='ltr'>salutare.</span> <span class='ocrx_word' id='word_1_42' title='bbox 653 901 833 955; x_wconf 91' lang='lat' dir='ltr'>immo</span> <span class='ocrx_word' id='word_1_43' title='bbox 872 895 1160 969; x_wconf 87' lang='lat' dir='ltr'>Catullus,</span> <span class='ocrx_word' id='word_1_44' title='bbox 1205 905 1272 956; x_wconf 94' lang='lat' dir='ltr'>ut</span> <span class='ocrx_word' id='word_1_45' title='bbox 1305 899 1681 975; x_wconf 84' lang='lat' dir='ltr'>insequentia</span> <span class='ocrx_word' id='word_1_46' title='bbox 1721 896 1906 956; x_wconf 89' lang='lat' dir='ltr'>verba</span> <span class='ocrx_word' id='word_1_47' title='bbox 1936 896 2357 968; x_wconf 89' lang='lat' dir='ltr'>demonstrant,</span> <span class='ocrx_word' id='word_1_48' title='bbox 2404 913 2480 954; x_wconf 85' lang='lat' dir='ltr'>ex</span> 
     </span>
     <span class='ocr_line' id='line_1_7' title="bbox 302 981 2478 1061; baseline -0.001 -19"><span class='ocrx_word' id='word_1_49' title='bbox 302 987 391 1044; x_wconf 89' lang='lat' dir='ltr'>eis</span> <span class='ocrx_word' id='word_1_50' title='bbox 426 981 832 1041; x_wconf 90' lang='lat' dir='ltr'>tantummodo</span> <span class='ocrx_word' id='word_1_51' title='bbox 877 1001 1029 1061; x_wconf 89' lang='lat' dir='ltr'>quae</span> <span class='ocrx_word' id='word_1_52' title='bbox 1071 984 1197 1060; x_wconf 88' lang='lat' dir='ltr'>ipse</span> <span class='ocrx_word' id='word_1_53' title='bbox 1238 983 1465 1041; x_wconf 88' lang='lat' dir='ltr'>Romae</span> <span class='ocrx_word' id='word_1_54' title='bbox 1509 981 1584 1041; x_wconf 88' lang='lat' dir='ltr'>de</span> <span class='ocrx_word' id='word_1_55' title='bbox 1626 981 1847 1041; x_wconf 88' lang='lat' dir='ltr'>Pisone</span> <span class='ocrx_word' id='word_1_56' title='bbox 1889 983 1954 1040; x_wconf 91' lang='lat' dir='ltr'>in</span> <span class='ocrx_word' id='word_1_57' title='bbox 1995 981 2201 1041; x_wconf 87' lang='lat' dir='ltr'>urbem</span> <span class='ocrx_word' id='word_1_58' title='bbox 2244 998 2478 1039; x_wconf 89' lang='lat' dir='ltr'>reverso</span> 
     </span>
     <span class='ocr_line' id='line_1_8' title="bbox 305 1065 2479 1142; baseline -0.002 -16"><span class='ocrx_word' id='word_1_59' title='bbox 305 1067 726 1127; x_wconf 89' lang='lat' dir='ltr'>animadvertit</span> <span class='ocrx_word' id='word_1_60' title='bbox 776 1067 928 1125; x_wconf 89' lang='lat' dir='ltr'>nihil</span> <span class='ocrx_word' id='word_1_61' title='bbox 977 1066 1112 1125; x_wconf 88' lang='lat' dir='ltr'>illos</span> <span class='ocrx_word' id='word_1_62' title='bbox 1154 1070 1220 1125; x_wconf 92' lang='lat' dir='ltr'>in</span> <span class='ocrx_word' id='word_1_63' title='bbox 1264 1067 1374 1125; x_wconf 91' lang='lat' dir='ltr'>hoc</span> <span class='ocrx_word' id='word_1_64' title='bbox 1427 1068 1708 1125; x_wconf 87' lang='lat' dir='ltr'>comitatu</span> <span class='ocrx_word' id='word_1_65' title='bbox 1756 1066 2011 1125; x_wconf 90' lang='lat' dir='ltr'>lucratos</span> <span class='ocrx_word' id='word_1_66' title='bbox 2039 1078 2182 1125; x_wconf 70' lang='lat' dir='ltr'>&#39;esse</span> <span class='ocrx_word' id='word_1_67' title='bbox 2236 1065 2479 1142; x_wconf 80' lang='lat' dir='ltr'>colligit.</span> 
     </span>
     <span class='ocr_line' id='line_1_9' title="bbox 303 1151 2479 1231; baseline -0 -21"><span class='ocrx_word' id='word_1_68' title='bbox 303 1155 524 1231; x_wconf 87' lang='lat' dir='ltr'>itaque,</span> <span class='ocrx_word' id='word_1_69' title='bbox 563 1173 694 1211; x_wconf 91' lang='lat' dir='ltr'>cum</span> <span class='ocrx_word' id='word_1_70' title='bbox 728 1155 899 1211; x_wconf 87' lang='lat' dir='ltr'>initio</span> <span class='ocrx_word' id='word_1_71' title='bbox 937 1154 1209 1210; x_wconf 84' lang='lat' dir='ltr'>carminis</span> <span class='ocrx_word' id='word_1_72' title='bbox 1245 1153 1462 1210; x_wconf 89' lang='lat' dir='ltr'>amicos</span> <span class='ocrx_word' id='word_1_73' title='bbox 1500 1151 1797 1210; x_wconf 87' lang='lat' dir='ltr'>cohortem</span> <span class='ocrx_word' id='word_1_74' title='bbox 1822 1154 2064 1211; x_wconf 90' lang='lat' dir='ltr'>inanem</span> <span class='ocrx_word' id='word_1_75' title='bbox 2087 1159 2265 1210; x_wconf 90' lang='lat' dir='ltr'>vocat</span> <span class='ocrx_word' id='word_1_76' title='bbox 2300 1151 2479 1228; x_wconf 85' lang='lat' dir='ltr'>‘aptis</span> 
     </span>
     <span class='ocr_line' id='line_1_10' title="bbox 303 1234 2481 1316; baseline -0.002 -18"><span class='ocrx_word' id='word_1_77' title='bbox 303 1237 620 1298; x_wconf 85' lang='lat' dir='ltr'>sarcinulis</span> <span class='ocrx_word' id='word_1_78' title='bbox 656 1245 716 1296; x_wconf 88' lang='lat' dir='ltr'>et</span> <span class='ocrx_word' id='word_1_79' title='bbox 748 1236 1041 1315; x_wconf 86' lang='lat' dir='ltr'>expeditis</span> <span class='ocrx_word' id='word_1_80' title='bbox 1052 1236 1084 1307; x_wconf 88' lang='lat'>’,</span> <span class='ocrx_word' id='word_1_81' title='bbox 1123 1255 1222 1295; x_wconf 90' lang='lat' dir='ltr'>eos</span> <span class='ocrx_word' id='word_1_82' title='bbox 1257 1234 1535 1296; x_wconf 84' lang='lat' dir='ltr'>describit</span> <span class='ocrx_word' id='word_1_83' title='bbox 1567 1238 1654 1295; x_wconf 94' lang='lat' dir='ltr'>ita</span> <span class='ocrx_word' id='word_1_84' title='bbox 1686 1244 1753 1294; x_wconf 88' lang='lat' dir='ltr'>ut</span> <span class='ocrx_word' id='word_1_85' title='bbox 1785 1236 1976 1295; x_wconf 86' lang='lat' dir='ltr'>Roma</span> <span class='ocrx_word' id='word_1_86' title='bbox 2007 1239 2074 1294; x_wconf 91' lang='lat' dir='ltr'>in</span> <span class='ocrx_word' id='word_1_87' title='bbox 2114 1237 2481 1316; x_wconf 90' lang='lat' dir='ltr'>provinciam</span> 
     </span>
     <span class='ocr_line' id='line_1_11' title="bbox 307 1320 2479 1400; baseline 0 -19"><span class='ocrx_word' id='word_1_88' title='bbox 307 1323 610 1393; x_wconf 86' lang='lat' dir='ltr'>abeuntes,</span> <span class='ocrx_word' id='word_1_89' title='bbox 658 1342 779 1380; x_wconf 92' lang='lat' dir='ltr'>non</span> <span class='ocrx_word' id='word_1_90' title='bbox 812 1321 954 1380; x_wconf 89' lang='lat' dir='ltr'>inde</span> <span class='ocrx_word' id='word_1_91' title='bbox 987 1320 1300 1380; x_wconf 91' lang='lat' dir='ltr'>redeuntes</span> <span class='ocrx_word' id='word_1_92' title='bbox 1335 1324 1659 1400; x_wconf 84' lang='lat' dir='ltr'>conspexit.</span> <span class='ocrx_word' id='word_1_93' title='bbox 1732 1320 2106 1380; x_wconf 89' lang='lat' dir='ltr'>statuendum</span> <span class='ocrx_word' id='word_1_94' title='bbox 2151 1328 2241 1381; x_wconf 89' lang='lat' dir='ltr'>est</span> <span class='ocrx_word' id='word_1_95' title='bbox 2281 1323 2479 1397; x_wconf 85' lang='lat' dir='ltr'>igitur,</span> 
     </span>
     <span class='ocr_line' id='line_1_12' title="bbox 302 1405 2482 1486; baseline -0.001 -21"><span class='ocrx_word' id='word_1_96' title='bbox 302 1406 803 1486; x_wconf 87' lang='lat' dir='ltr'>quemadmodum</span> <span class='ocrx_word' id='word_1_97' title='bbox 830 1405 1097 1466; x_wconf 85' lang='lat' dir='ltr'>Catullus</span> <span class='ocrx_word' id='word_1_98' title='bbox 1125 1425 1159 1464; x_wconf 89' lang='lat' dir='ltr'>e</span> <span class='ocrx_word' id='word_1_99' title='bbox 1181 1409 1658 1484; x_wconf 84' lang='lat' dir='ltr'>peregrinatione</span> <span class='ocrx_word' id='word_1_100' title='bbox 1682 1405 2000 1478; x_wconf 89' lang='lat' dir='ltr'>Bithynica</span> <span class='ocrx_word' id='word_1_101' title='bbox 2023 1409 2276 1484; x_wconf 89' lang='lat' dir='ltr'>primum</span> <span class='ocrx_word' id='word_1_102' title='bbox 2300 1407 2482 1467; x_wconf 87' lang='lat' dir='ltr'>Vero-</span> 
     </span>
     <span class='ocr_line' id='line_1_13' title="bbox 306 1490 2481 1570; baseline -0.001 -19"><span class='ocrx_word' id='word_1_103' title='bbox 306 1513 450 1551; x_wconf 91' lang='lat' dir='ltr'>nam</span> <span class='ocrx_word' id='word_1_104' title='bbox 482 1491 777 1570; x_wconf 86' lang='lat' dir='ltr'>profectus</span> <span class='ocrx_word' id='word_1_105' title='bbox 812 1499 915 1563; x_wconf 87' lang='lat' dir='ltr'>est,</span> <span class='ocrx_word' id='word_1_106' title='bbox 963 1494 1047 1550; x_wconf 88' lang='lat' dir='ltr'>sic</span> <span class='ocrx_word' id='word_1_107' title='bbox 1079 1492 1403 1550; x_wconf 87' lang='lat' dir='ltr'>Veranium</span> <span class='ocrx_word' id='word_1_108' title='bbox 1437 1510 1673 1570; x_wconf 88' lang='lat' dir='ltr'>quoque</span> <span class='ocrx_word' id='word_1_109' title='bbox 1706 1499 1766 1549; x_wconf 86' lang='lat' dir='ltr'>et</span> <span class='ocrx_word' id='word_1_110' title='bbox 1796 1490 2117 1550; x_wconf 85' lang='lat' dir='ltr'>Fabullum</span> <span class='ocrx_word' id='word_1_111' title='bbox 2153 1509 2228 1550; x_wconf 87' lang='lat' dir='ltr'>ex</span> <span class='ocrx_word' id='word_1_112' title='bbox 2270 1493 2481 1549; x_wconf 89' lang='lat' dir='ltr'>itinere</span> 
     </span>
     <span class='ocr_line' id='line_1_14' title="bbox 306 1574 2480 1656; baseline 0 -21"><span class='ocrx_word' id='word_1_113' title='bbox 306 1576 578 1649; x_wconf 78' lang='lat' dir='ltr'>reduceS,</span> <span class='ocrx_word' id='word_1_114' title='bbox 631 1578 974 1656; x_wconf 89' lang='lat' dir='ltr'>priusquam</span> <span class='ocrx_word' id='word_1_115' title='bbox 1025 1576 1272 1635; x_wconf 91' lang='lat' dir='ltr'>Romam</span> <span class='ocrx_word' id='word_1_116' title='bbox 1304 1578 1622 1647; x_wconf 88' lang='lat' dir='ltr'>venirent,</span> <span class='ocrx_word' id='word_1_117' title='bbox 1684 1577 1937 1655; x_wconf 90' lang='lat' dir='ltr'>patriam</span> <span class='ocrx_word' id='word_1_118' title='bbox 1987 1575 2194 1636; x_wconf 89' lang='lat' dir='ltr'>urbem</span> <span class='ocrx_word' id='word_1_119' title='bbox 2245 1574 2480 1635; x_wconf 83' lang='lat' dir='ltr'>adiisse.</span> 
     </span>
     <span class='ocr_line' id='line_1_15' title="bbox 306 1659 2483 1740; baseline -0.001 -20"><span class='ocrx_word' id='word_1_120' title='bbox 306 1682 456 1740; x_wconf 88' lang='lat' dir='ltr'>quos</span> <span class='ocrx_word' id='word_1_121' title='bbox 510 1669 568 1720; x_wconf 90' lang='lat' dir='ltr'>et</span> <span class='ocrx_word' id='word_1_122' title='bbox 618 1663 777 1740; x_wconf 89' lang='lat' dir='ltr'>ipsos</span> <span class='ocrx_word' id='word_1_123' title='bbox 842 1660 1025 1719; x_wconf 87' lang='lat' dir='ltr'>fuisse</span> <span class='ocrx_word' id='word_1_124' title='bbox 1082 1661 1477 1739; x_wconf 85' lang='lat' dir='ltr'>provinciales</span> <span class='ocrx_word' id='word_1_125' title='bbox 1540 1659 1717 1719; x_wconf 87' lang='lat' dir='ltr'>facile</span> <span class='ocrx_word' id='word_1_126' title='bbox 1778 1660 1893 1720; x_wconf 87' lang='lat' dir='ltr'>sibi</span> <span class='ocrx_word' id='word_1_127' title='bbox 1948 1659 2328 1738; x_wconf 84' lang='lat' dir='ltr'>persuadebit</span> <span class='ocrx_word' id='word_1_128' title='bbox 2379 1661 2483 1739; x_wconf 91' lang='lat' dir='ltr'>qui</span> 
     </span>
     <span class='ocr_line' id='line_1_16' title="bbox 307 1745 2479 1825; baseline -0 -20"><span class='ocrx_word' id='word_1_129' title='bbox 307 1768 356 1805; x_wconf 89' lang='lat' dir='ltr'>c.</span> <span class='ocrx_word' id='word_1_130' title='bbox 394 1746 700 1818; x_wconf 91' lang='lat' dir='ltr'>XXVIII,</span> <span class='ocrx_word' id='word_1_131' title='bbox 747 1745 906 1825; x_wconf 92' lang='lat' dir='ltr'>quod</span> <span class='ocrx_word' id='word_1_132' title='bbox 937 1752 1171 1823; x_wconf 87' lang='lat' dir='ltr'>poetam</span> <span class='ocrx_word' id='word_1_133' title='bbox 1206 1746 1395 1804; x_wconf 89' lang='lat' dir='ltr'>Roma</span> <span class='ocrx_word' id='word_1_134' title='bbox 1437 1747 1521 1804; x_wconf 90' lang='lat' dir='ltr'>eis</span> <span class='ocrx_word' id='word_1_135' title='bbox 1557 1745 1793 1804; x_wconf 89' lang='lat' dir='ltr'>obviam</span> <span class='ocrx_word' id='word_1_136' title='bbox 1836 1747 2066 1806; x_wconf 87' lang='lat' dir='ltr'>misisse</span> <span class='ocrx_word' id='word_1_137' title='bbox 2110 1753 2331 1805; x_wconf 90' lang='lat' dir='ltr'>certum</span> <span class='ocrx_word' id='word_1_138' title='bbox 2376 1752 2479 1817; x_wconf 90' lang='lat' dir='ltr'>est,</span> 
     </span>
     <span class='ocr_line' id='line_1_17' title="bbox 309 1829 2482 1908; baseline 0 -20"><span class='ocrx_word' id='word_1_139' title='bbox 309 1851 446 1890; x_wconf 91' lang='lat' dir='ltr'>cum</span> <span class='ocrx_word' id='word_1_140' title='bbox 489 1831 844 1891; x_wconf 86' lang='lat' dir='ltr'>carminibus</span> <span class='ocrx_word' id='word_1_141' title='bbox 886 1831 986 1889; x_wconf 92' lang='lat' dir='ltr'>IX</span> <span class='ocrx_word' id='word_1_142' title='bbox 1029 1838 1087 1890; x_wconf 93' lang='lat' dir='ltr'>et</span> <span class='ocrx_word' id='word_1_143' title='bbox 1129 1830 1294 1888; x_wconf 94' lang='lat' dir='ltr'>XIII</span> <span class='ocrx_word' id='word_1_144' title='bbox 1337 1833 1465 1889; x_wconf 89' lang='lat' dir='ltr'>sine</span> <span class='ocrx_word' id='word_1_145' title='bbox 1508 1829 1689 1897; x_wconf 91' lang='lat' dir='ltr'>dubio</span> <span class='ocrx_word' id='word_1_146' title='bbox 1732 1829 1939 1889; x_wconf 90' lang='lat' dir='ltr'>itidem</span> <span class='ocrx_word' id='word_1_147' title='bbox 1980 1830 2208 1888; x_wconf 86' lang='lat' dir='ltr'>Romae</span> <span class='ocrx_word' id='word_1_148' title='bbox 2252 1834 2482 1908; x_wconf 87' lang='lat' dir='ltr'>scriptis</span> 
     </span>
     <span class='ocr_line' id='line_1_18' title="bbox 306 1914 2481 1994; baseline -0.001 -19"><span class='ocrx_word' id='word_1_149' title='bbox 306 1915 674 1994; x_wconf 86' lang='lat' dir='ltr'>conparabit,</span> <span class='ocrx_word' id='word_1_150' title='bbox 711 1935 823 1975; x_wconf 91' lang='lat' dir='ltr'>nec</span> <span class='ocrx_word' id='word_1_151' title='bbox 855 1914 1226 1994; x_wconf 89' lang='lat' dir='ltr'>inprobabile</span> <span class='ocrx_word' id='word_1_152' title='bbox 1262 1923 1349 1973; x_wconf 90' lang='lat' dir='ltr'>est</span> <span class='ocrx_word' id='word_1_153' title='bbox 1383 1933 1482 1974; x_wconf 88' lang='lat' dir='ltr'>eos</span> <span class='ocrx_word' id='word_1_154' title='bbox 1508 1916 1782 1975; x_wconf 87' lang='lat' dir='ltr'>Veronae</span> <span class='ocrx_word' id='word_1_155' title='bbox 1815 1921 1919 1972; x_wconf 84' lang='lat' dir='ltr'>aut</span> <span class='ocrx_word' id='word_1_156' title='bbox 1949 1917 2016 1972; x_wconf 90' lang='lat' dir='ltr'>in</span> <span class='ocrx_word' id='word_1_157' title='bbox 2050 1916 2247 1972; x_wconf 90' lang='lat' dir='ltr'>vicino</span> <span class='ocrx_word' id='word_1_158' title='bbox 2282 1915 2481 1992; x_wconf 90' lang='lat' dir='ltr'>aliquo</span> 
     </span>
     <span class='ocr_line' id='line_1_19' title="bbox 309 1998 2483 2079; baseline -0.001 -19"><span class='ocrx_word' id='word_1_159' title='bbox 309 2000 548 2060; x_wconf 80' lang='lat' dir='ltr'>Galliae</span> <span class='ocrx_word' id='word_1_160' title='bbox 593 2000 912 2079; x_wconf 88' lang='lat' dir='ltr'>cisalpinae</span> <span class='ocrx_word' id='word_1_161' title='bbox 964 1999 1179 2078; x_wconf 90' lang='lat' dir='ltr'>oppido</span> <span class='ocrx_word' id='word_1_162' title='bbox 1233 2007 1402 2058; x_wconf 89' lang='lat' dir='ltr'>natos</span> <span class='ocrx_word' id='word_1_163' title='bbox 1454 1998 1653 2058; x_wconf 87' lang='lat' dir='ltr'>fuisse.</span> <span class='ocrx_word' id='word_1_164' title='bbox 1722 2019 1863 2056; x_wconf 90' lang='lat' dir='ltr'>nam</span> <span class='ocrx_word' id='word_1_165' title='bbox 1905 1999 2153 2059; x_wconf 89' lang='lat' dir='ltr'>Veranii</span> <span class='ocrx_word' id='word_1_166' title='bbox 2195 1998 2483 2057; x_wconf 87' lang='lat' dir='ltr'>familiam</span> 
     </span>
     <span class='ocr_line' id='line_1_20' title="bbox 308 2079 2483 2162; baseline -0.001 -17"><span class='ocrx_word' id='word_1_167' title='bbox 308 2085 582 2145; x_wconf 82' lang='lat' dir='ltr'>Catullus</span> <span class='ocrx_word' id='word_1_168' title='bbox 635 2085 786 2144; x_wconf 90' lang='lat' dir='ltr'>bene</span> <span class='ocrx_word' id='word_1_169' title='bbox 847 2104 1020 2143; x_wconf 89' lang='lat' dir='ltr'>nosse</span> <span class='ocrx_word' id='word_1_170' title='bbox 1071 2083 1307 2142; x_wconf 91' lang='lat' dir='ltr'>videtur</span> <span class='ocrx_word' id='word_1_171' title='bbox 1357 2079 1533 2158; x_wconf 86' lang='lat' dir='ltr'>(conf.</span> <span class='ocrx_word' id='word_1_172' title='bbox 1588 2103 1637 2142; x_wconf 91' lang='lat' dir='ltr'>c.</span> <span class='ocrx_word' id='word_1_173' title='bbox 1690 2083 1804 2141; x_wconf 84' lang='lat' dir='ltr'>IX·</span> <span class='ocrx_word' id='word_1_174' title='bbox 1837 2079 1931 2156; x_wconf 90' lang='lat'>4),</span> <span class='ocrx_word' id='word_1_175' title='bbox 1984 2083 2483 2162; x_wconf 87' lang='lat' dir='ltr'>inveniunturque</span> 
     </span>
     <span class='ocr_line' id='line_1_21' title="bbox 305 2167 2484 2245; baseline -0.001 -17"><span class='ocrx_word' id='word_1_176' title='bbox 305 2169 621 2229; x_wconf 89' lang='lat' dir='ltr'>mulierum</span> <span class='ocrx_word' id='word_1_177' title='bbox 657 2173 902 2229; x_wconf 88' lang='lat' dir='ltr'>nomina</span> <span class='ocrx_word' id='word_1_178' title='bbox 929 2169 1240 2228; x_wconf 89' lang='lat' dir='ltr'>‘Verania’</span> <span class='ocrx_word' id='word_1_179' title='bbox 1279 2174 1338 2226; x_wconf 89' lang='lat' dir='ltr'>et</span> <span class='ocrx_word' id='word_1_180' title='bbox 1373 2167 1677 2226; x_wconf 87' lang='lat' dir='ltr'>‘Fabulla’</span> <span class='ocrx_word' id='word_1_181' title='bbox 1704 2169 1770 2225; x_wconf 90' lang='lat' dir='ltr'>in</span> <span class='ocrx_word' id='word_1_182' title='bbox 1795 2168 2276 2245; x_wconf 86' lang='lat' dir='ltr'>inscriptionibus</span> <span class='ocrx_word' id='word_1_183' title='bbox 2300 2169 2484 2229; x_wconf 79' lang='lat' dir='ltr'>Vero-</span> 
     </span>
     <span class='ocr_line' id='line_1_22' title="bbox 303 2251 2484 2330; baseline -0 -17"><span class='ocrx_word' id='word_1_184' title='bbox 303 2255 593 2314; x_wconf 86' lang='lat' dir='ltr'>nensibus</span> <span class='ocrx_word' id='word_1_185' title='bbox 647 2254 740 2328; x_wconf 91' lang='lat' dir='ltr'>(C.</span> <span class='ocrx_word' id='word_1_186' title='bbox 795 2253 845 2312; x_wconf 90' lang='lat' dir='ltr'>I.</span> <span class='ocrx_word' id='word_1_187' title='bbox 897 2253 968 2311; x_wconf 90' lang='lat' dir='ltr'>L.</span> <span class='ocrx_word' id='word_1_188' title='bbox 1022 2253 1096 2325; x_wconf 95' lang='lat' dir='ltr'>V,</span> <span class='ocrx_word' id='word_1_189' title='bbox 1154 2255 1208 2324; x_wconf 92' lang='lat'>1,</span> <span class='ocrx_word' id='word_1_190' title='bbox 1262 2273 1319 2310; x_wconf 89' lang='lat' dir='ltr'>n.</span> <span class='ocrx_word' id='word_1_191' title='bbox 1375 2252 1540 2310; x_wconf 83' lang='lat'>3787</span> <span class='ocrx_word' id='word_1_192' title='bbox 1595 2258 1655 2311; x_wconf 90' lang='lat' dir='ltr'>et</span> <span class='ocrx_word' id='word_1_193' title='bbox 1707 2253 1899 2324; x_wconf 86' lang='lat'>3441,</span> <span class='ocrx_word' id='word_1_194' title='bbox 1954 2251 2038 2330; x_wconf 84' lang='lat'>4).</span> <span class='ocrx_word' id='word_1_195' title='bbox 2127 2251 2232 2313; x_wconf 90' lang='lat' dir='ltr'>sed</span> <span class='ocrx_word' id='word_1_196' title='bbox 2288 2260 2356 2310; x_wconf 89' lang='lat' dir='ltr'>ut</span> <span class='ocrx_word' id='word_1_197' title='bbox 2404 2252 2484 2323; x_wconf 83' lang='lat' dir='ltr'>ad</span> 
     </span>
     <span class='ocr_line' id='line_1_23' title="bbox 304 2335 2481 2415; baseline -0 -17"><span class='ocrx_word' id='word_1_198' title='bbox 304 2360 358 2398; x_wconf 89' lang='lat' dir='ltr'>c.</span> <span class='ocrx_word' id='word_1_199' title='bbox 394 2338 683 2399; x_wconf 90' lang='lat' dir='ltr'>XXVIII</span> <span class='ocrx_word' id='word_1_200' title='bbox 716 2336 1039 2410; x_wconf 77' lang='lat' dir='ltr'>redeamuS,</span> <span class='ocrx_word' id='word_1_201' title='bbox 1082 2336 1340 2415; x_wconf 90' lang='lat' dir='ltr'>produnt</span> <span class='ocrx_word' id='word_1_202' title='bbox 1380 2335 1446 2394; x_wconf 91' lang='lat' dir='ltr'>hi</span> <span class='ocrx_word' id='word_1_203' title='bbox 1487 2337 1766 2396; x_wconf 89' lang='lat' dir='ltr'>versiculi</span> <span class='ocrx_word' id='word_1_204' title='bbox 1810 2336 1982 2396; x_wconf 91' lang='lat' dir='ltr'>simul</span> <span class='ocrx_word' id='word_1_205' title='bbox 2024 2347 2146 2396; x_wconf 89' lang='lat' dir='ltr'>tam</span> <span class='ocrx_word' id='word_1_206' title='bbox 2186 2345 2481 2398; x_wconf 87' lang='lat' dir='ltr'>recentem</span> 
     </span>
     <span class='ocr_line' id='line_1_24' title="bbox 304 2421 2478 2501; baseline -0 -17"><span class='ocrx_word' id='word_1_207' title='bbox 304 2427 459 2484; x_wconf 90' lang='lat' dir='ltr'>iram</span> <span class='ocrx_word' id='word_1_208' title='bbox 494 2426 559 2480; x_wconf 92' lang='lat' dir='ltr'>in</span> <span class='ocrx_word' id='word_1_209' title='bbox 583 2423 926 2482; x_wconf 89' lang='lat' dir='ltr'>Memmium</span> <span class='ocrx_word' id='word_1_210' title='bbox 960 2429 1027 2481; x_wconf 91' lang='lat' dir='ltr'>ut</span> <span class='ocrx_word' id='word_1_211' title='bbox 1062 2421 1319 2480; x_wconf 90' lang='lat' dir='ltr'>dubitari</span> <span class='ocrx_word' id='word_1_212' title='bbox 1351 2429 1607 2500; x_wconf 89' lang='lat' dir='ltr'>nequeat</span> <span class='ocrx_word' id='word_1_213' title='bbox 1641 2423 1786 2501; x_wconf 90' lang='lat' dir='ltr'>quin</span> <span class='ocrx_word' id='word_1_214' title='bbox 1820 2422 2027 2482; x_wconf 89' lang='lat' dir='ltr'>eodem</span> <span class='ocrx_word' id='word_1_215' title='bbox 2059 2422 2184 2482; x_wconf 86' lang='lat' dir='ltr'>fere</span> <span class='ocrx_word' id='word_1_216' title='bbox 2217 2430 2478 2501; x_wconf 87' lang='lat' dir='ltr'>tempore</span> 
     </span>
     <span class='ocr_line' id='line_1_25' title="bbox 299 2507 2482 2589; baseline 0 -22"><span class='ocrx_word' id='word_1_217' title='bbox 299 2517 490 2589; x_wconf 78' lang='lat' dir='ltr'>atque</span> <span class='ocrx_word' id='word_1_218' title='bbox 527 2528 574 2566; x_wconf 93' lang='lat' dir='ltr'>c.</span> <span class='ocrx_word' id='word_1_219' title='bbox 610 2508 689 2580; x_wconf 92' lang='lat' dir='ltr'>X,</span> <span class='ocrx_word' id='word_1_220' title='bbox 733 2511 801 2565; x_wconf 91' lang='lat' dir='ltr'>in</span> <span class='ocrx_word' id='word_1_221' title='bbox 836 2527 951 2587; x_wconf 91' lang='lat' dir='ltr'>quo</span> <span class='ocrx_word' id='word_1_222' title='bbox 985 2528 1042 2567; x_wconf 90' lang='lat' dir='ltr'>v.</span> <span class='ocrx_word' id='word_1_223' title='bbox 1086 2511 1162 2566; x_wconf 84' lang='lat'>12</span> <span class='ocrx_word' id='word_1_224' title='bbox 1193 2527 1235 2565; x_wconf 76' lang='grc' dir='ltr'>ε.</span> <span class='ocrx_word' id='word_1_225' title='bbox 1275 2507 1573 2566; x_wconf 90' lang='lat' dir='ltr'>simillima</span> <span class='ocrx_word' id='word_1_226' title='bbox 1606 2509 1671 2565; x_wconf 90' lang='lat' dir='ltr'>in</span> <span class='ocrx_word' id='word_1_227' title='bbox 1713 2507 1884 2566; x_wconf 89' lang='lat' dir='ltr'>illum</span> <span class='ocrx_word' id='word_1_228' title='bbox 1928 2508 2242 2588; x_wconf 89' lang='lat' dir='ltr'>opprobria</span> <span class='ocrx_word' id='word_1_229' title='bbox 2277 2508 2482 2585; x_wconf 85' lang='lat' dir='ltr'>legun-</span> 
     </span>
     <span class='ocr_line' id='line_1_26' title="bbox 306 2591 2483 2672; baseline 0 -19"><span class='ocrx_word' id='word_1_230' title='bbox 306 2603 423 2665; x_wconf 86' lang='lat' dir='ltr'>tur,</span> <span class='ocrx_word' id='word_1_231' title='bbox 463 2595 666 2671; x_wconf 90' lang='lat' dir='ltr'>scripti</span> <span class='ocrx_word' id='word_1_232' title='bbox 701 2595 834 2665; x_wconf 87' lang='lat' dir='ltr'>sint,</span> <span class='ocrx_word' id='word_1_233' title='bbox 873 2593 928 2650; x_wconf 94' lang='lat' dir='ltr'>h.</span> <span class='ocrx_word' id='word_1_234' title='bbox 966 2611 1016 2652; x_wconf 90' lang='lat' dir='ltr'>e.</span> <span class='ocrx_word' id='word_1_235' title='bbox 1053 2613 1173 2652; x_wconf 92' lang='lat' dir='ltr'>non</span> <span class='ocrx_word' id='word_1_236' title='bbox 1207 2593 1455 2652; x_wconf 84' lang='lat' dir='ltr'>multum</span> <span class='ocrx_word' id='word_1_237' title='bbox 1490 2599 1625 2671; x_wconf 86' lang='lat' dir='ltr'>post</span> <span class='ocrx_word' id='word_1_238' title='bbox 1652 2591 1874 2651; x_wconf 88' lang='lat' dir='ltr'>Catulli</span> <span class='ocrx_word' id='word_1_239' title='bbox 1910 2612 1987 2653; x_wconf 89' lang='lat' dir='ltr'>ex</span> <span class='ocrx_word' id='word_1_240' title='bbox 2011 2593 2297 2672; x_wconf 87' lang='lat' dir='ltr'>Bithynia</span> <span class='ocrx_word' id='word_1_241' title='bbox 2330 2594 2483 2654; x_wconf 84' lang='lat' dir='ltr'>redi·-</span> 
     </span>
     <span class='ocr_line' id='line_1_27' title="bbox 306 2674 2480 2757; baseline 0 -20"><span class='ocrx_word' id='word_1_242' title='bbox 306 2687 436 2738; x_wconf 88' lang='lat' dir='ltr'>tum</span> <span class='ocrx_word' id='word_1_243' title='bbox 468 2682 597 2757; x_wconf 89' lang='lat' dir='ltr'>ipso</span> <span class='ocrx_word' id='word_1_244' title='bbox 641 2681 820 2737; x_wconf 88' lang='lat' dir='ltr'>etiam</span> <span class='ocrx_word' id='word_1_245' title='bbox 854 2698 1011 2737; x_wconf 90' lang='lat' dir='ltr'>anno</span> <span class='ocrx_word' id='word_1_246' title='bbox 1049 2674 1294 2753; x_wconf 73' lang='lat' dir='ltr'>698l56.</span> <span class='ocrx_word' id='word_1_247' title='bbox 1364 2677 1524 2757; x_wconf 93' lang='lat' dir='ltr'>quod</span> <span class='ocrx_word' id='word_1_248' title='bbox 1565 2680 1618 2736; x_wconf 92' lang='lat' dir='ltr'>si</span> <span class='ocrx_word' id='word_1_249' title='bbox 1657 2685 1815 2737; x_wconf 89' lang='lat' dir='ltr'>recte</span> <span class='ocrx_word' id='word_1_250' title='bbox 1860 2696 1924 2737; x_wconf 89' lang='lat' dir='ltr'>se</span> <span class='ocrx_word' id='word_1_251' title='bbox 1963 2678 2171 2752; x_wconf 89' lang='lat' dir='ltr'>habet,</span> <span class='ocrx_word' id='word_1_252' title='bbox 2216 2681 2480 2756; x_wconf 88' lang='lat' dir='ltr'>sequitur</span> 
     </span>
     <span class='ocr_line' id='line_1_28' title="bbox 305 2762 2478 2842; baseline -0.001 -19"><span class='ocrx_word' id='word_1_253' title='bbox 305 2773 378 2823; x_wconf 90' lang='lat' dir='ltr'>ut</span> <span class='ocrx_word' id='word_1_254' title='bbox 411 2764 701 2823; x_wconf 90' lang='lat' dir='ltr'>Veranius</span> <span class='ocrx_word' id='word_1_255' title='bbox 738 2771 796 2822; x_wconf 91' lang='lat' dir='ltr'>et</span> <span class='ocrx_word' id='word_1_256' title='bbox 828 2763 1115 2822; x_wconf 87' lang='lat' dir='ltr'>Fabullus</span> <span class='ocrx_word' id='word_1_257' title='bbox 1151 2762 1357 2822; x_wconf 90' lang='lat' dir='ltr'>eodem</span> <span class='ocrx_word' id='word_1_258' title='bbox 1401 2783 1558 2822; x_wconf 90' lang='lat' dir='ltr'>anno</span> <span class='ocrx_word' id='word_1_259' title='bbox 1606 2782 1739 2821; x_wconf 91' lang='lat' dir='ltr'>cum</span> <span class='ocrx_word' id='word_1_260' title='bbox 1772 2762 2008 2835; x_wconf 90' lang='lat' dir='ltr'>Pisone,</span> <span class='ocrx_word' id='word_1_261' title='bbox 2057 2783 2172 2842; x_wconf 92' lang='lat' dir='ltr'>quo</span> <span class='ocrx_word' id='word_1_262' title='bbox 2209 2762 2478 2823; x_wconf 82' lang='lat' dir='ltr'>Catullus</span> 
     </span>
     <span class='ocr_line' id='line_1_29' title="bbox 307 2846 2478 2925; baseline 0.001 -20"><span class='ocrx_word' id='word_1_263' title='bbox 307 2869 445 2908; x_wconf 90' lang='lat' dir='ltr'>cum</span> <span class='ocrx_word' id='word_1_264' title='bbox 481 2849 774 2920; x_wconf 90' lang='lat' dir='ltr'>Memmio,</span> <span class='ocrx_word' id='word_1_265' title='bbox 819 2850 882 2905; x_wconf 90' lang='lat' dir='ltr'>in</span> <span class='ocrx_word' id='word_1_266' title='bbox 916 2850 1225 2925; x_wconf 88' lang='lat' dir='ltr'>provincia</span> <span class='ocrx_word' id='word_1_267' title='bbox 1257 2849 1477 2906; x_wconf 91' lang='lat' dir='ltr'>versati</span> <span class='ocrx_word' id='word_1_268' title='bbox 1519 2849 1639 2905; x_wconf 89' lang='lat' dir='ltr'>sint</span> <span class='ocrx_word' id='word_1_269' title='bbox 1672 2846 1994 2925; x_wconf 89' lang='lat' dir='ltr'>eodemque</span> <span class='ocrx_word' id='word_1_270' title='bbox 2036 2846 2159 2907; x_wconf 88' lang='lat' dir='ltr'>fere</span> <span class='ocrx_word' id='word_1_271' title='bbox 2201 2854 2478 2925; x_wconf 87' lang='lat' dir='ltr'>tempore,</span> 
     </span>
     <span class='ocr_line' id='line_1_30' title="bbox 306 2931 2483 3010; baseline 0 -18"><span class='ocrx_word' id='word_1_272' title='bbox 306 2935 423 2993; x_wconf 88' lang='lat' dir='ltr'>etsi</span> <span class='ocrx_word' id='word_1_273' title='bbox 457 2932 654 3010; x_wconf 85' lang='lat' dir='ltr'>paullo</span> <span class='ocrx_word' id='word_1_274' title='bbox 689 2931 794 2990; x_wconf 88' lang='lat' dir='ltr'>illo</span> <span class='ocrx_word' id='word_1_275' title='bbox 827 2932 1071 3006; x_wconf 89' lang='lat' dir='ltr'>tardius,</span> <span class='ocrx_word' id='word_1_276' title='bbox 1107 2932 1246 2991; x_wconf 91' lang='lat' dir='ltr'>inde</span> <span class='ocrx_word' id='word_1_277' title='bbox 1281 2932 1652 2991; x_wconf 87' lang='lat' dir='ltr'>decesserint.</span> <span class='ocrx_word' id='word_1_278' title='bbox 1706 2951 1998 3010; x_wconf 89' lang='lat' dir='ltr'>quaenam</span> <span class='ocrx_word' id='word_1_279' title='bbox 2032 2934 2145 2990; x_wconf 86' lang='lat' dir='ltr'>ista</span> <span class='ocrx_word' id='word_1_280' title='bbox 2176 2934 2483 3010; x_wconf 89' lang='lat' dir='ltr'>provincia</span> 
     </span>
     <span class='ocr_line' id='line_1_31' title="bbox 307 3015 2482 3096; baseline 0 -20"><span class='ocrx_word' id='word_1_281' title='bbox 307 3018 491 3076; x_wconf 83' lang='lat' dir='ltr'>fuerit</span> <span class='ocrx_word' id='word_1_282' title='bbox 524 3036 558 3075; x_wconf 89' lang='lat' dir='ltr'>e</span> <span class='ocrx_word' id='word_1_283' title='bbox 594 3036 642 3075; x_wconf 92' lang='lat' dir='ltr'>c.</span> <span class='ocrx_word' id='word_1_284' title='bbox 666 3017 953 3076; x_wconf 93' lang='lat' dir='ltr'>XXVIII</span> <span class='ocrx_word' id='word_1_285' title='bbox 977 3037 1098 3075; x_wconf 90' lang='lat' dir='ltr'>non</span> <span class='ocrx_word' id='word_1_286' title='bbox 1131 3018 1495 3095; x_wconf 87' lang='lat' dir='ltr'>perspicitur.</span> <span class='ocrx_word' id='word_1_287' title='bbox 1550 3015 1656 3075; x_wconf 89' lang='lat' dir='ltr'>sed</span> <span class='ocrx_word' id='word_1_288' title='bbox 1690 3036 1824 3074; x_wconf 91' lang='lat' dir='ltr'>cum</span> <span class='ocrx_word' id='word_1_289' title='bbox 1852 3037 1899 3076; x_wconf 91' lang='lat' dir='ltr'>c.</span> <span class='ocrx_word' id='word_1_290' title='bbox 1928 3016 2059 3074; x_wconf 91' lang='lat' dir='ltr'>XII</span> <span class='ocrx_word' id='word_1_291' title='bbox 2091 3017 2169 3074; x_wconf 84' lang='lat'>14</span> <span class='ocrx_word' id='word_1_292' title='bbox 2197 3037 2269 3075; x_wconf 79' lang='lat' dir='ltr'>ss,</span> <span class='ocrx_word' id='word_1_293' title='bbox 2304 3025 2482 3096; x_wconf 86' lang='lat' dir='ltr'>poeta</span> 
     </span>
     <span class='ocr_line' id='line_1_32' title="bbox 302 3099 2481 3162; baseline 0 0"><span class='ocrx_word' id='word_1_294' title='bbox 302 3100 632 3162; x_wconf 79' lang='lat' dir='ltr'>Fabullum</span> <span class='ocrx_word' id='word_1_295' title='bbox 675 3108 736 3158; x_wconf 92' lang='lat' dir='ltr'>et</span> <span class='ocrx_word' id='word_1_296' title='bbox 777 3101 1101 3159; x_wconf 89' lang='lat' dir='ltr'>Veranium</span> <span class='ocrx_word' id='word_1_297' title='bbox 1152 3100 1389 3160; x_wconf 87' lang='lat' dir='ltr'>sudaria</span> <span class='ocrx_word' id='word_1_298' title='bbox 1432 3099 1690 3160; x_wconf 87' lang='lat' dir='ltr'>Saetaba</span> <span class='ocrx_word' id='word_1_299' title='bbox 1740 3120 1817 3161; x_wconf 87' lang='lat' dir='ltr'>ex</span> <span class='ocrx_word' id='word_1_300' title='bbox 1866 3101 2108 3160; x_wconf 91' lang='lat' dir='ltr'>Hiberis</span> <span class='ocrx_word' id='word_1_301' title='bbox 2159 3102 2275 3161; x_wconf 90' lang='lat' dir='ltr'>sibi</span> <span class='ocrx_word' id='word_1_302' title='bbox 2326 3102 2481 3162; x_wconf 93' lang='lat' dir='ltr'>dono</span> 
     </span>
     <span class='ocr_line' id='line_1_33' title="bbox 307 3183 2482 3263; baseline 0 -17"><span class='ocrx_word' id='word_1_303' title='bbox 307 3188 542 3246; x_wconf 89' lang='lat' dir='ltr'>misisse</span> <span class='ocrx_word' id='word_1_304' title='bbox 578 3183 751 3256; x_wconf 89' lang='lat' dir='ltr'>dicat,</span> <span class='ocrx_word' id='word_1_305' title='bbox 787 3184 1059 3263; x_wconf 90' lang='lat' dir='ltr'>idemque</span> <span class='ocrx_word' id='word_1_306' title='bbox 1095 3207 1140 3244; x_wconf 90' lang='lat' dir='ltr'>c.</span> <span class='ocrx_word' id='word_1_307' title='bbox 1178 3186 1276 3244; x_wconf 94' lang='lat' dir='ltr'>IX</span> <span class='ocrx_word' id='word_1_308' title='bbox 1313 3188 1348 3244; x_wconf 83' lang='lat'>6</span> <span class='ocrx_word' id='word_1_309' title='bbox 1379 3205 1421 3244; x_wconf 89' lang='lat' dir='ltr'>s.</span> <span class='ocrx_word' id='word_1_310' title='bbox 1459 3186 1705 3245; x_wconf 90' lang='lat' dir='ltr'>Veranii</span> <span class='ocrx_word' id='word_1_311' title='bbox 1739 3187 1833 3245; x_wconf 90' lang='lat' dir='ltr'>sui</span> <span class='ocrx_word' id='word_1_312' title='bbox 1867 3206 2076 3246; x_wconf 88' lang='lat' dir='ltr'>suaves</span> <span class='ocrx_word' id='word_1_313' title='bbox 2112 3186 2186 3246; x_wconf 90' lang='lat' dir='ltr'>de</span> <span class='ocrx_word' id='word_1_314' title='bbox 2221 3206 2293 3247; x_wconf 90' lang='lat' dir='ltr'>ea</span> <span class='ocrx_word' id='word_1_315' title='bbox 2326 3195 2482 3247; x_wconf 87' lang='lat' dir='ltr'>terra</span> 
     </span>
     <span class='ocr_line' id='line_1_34' title="bbox 306 3268 2483 3348; baseline 0 -17"><span class='ocrx_word' id='word_1_316' title='bbox 306 3272 680 3331; x_wconf 89' lang='lat' dir='ltr'>narrationes</span> <span class='ocrx_word' id='word_1_317' title='bbox 717 3288 851 3327; x_wconf 90' lang='lat' dir='ltr'>cum</span> <span class='ocrx_word' id='word_1_318' title='bbox 887 3268 1172 3330; x_wconf 90' lang='lat' dir='ltr'>desiderio</span> <span class='ocrx_word' id='word_1_319' title='bbox 1217 3278 1501 3348; x_wconf 85' lang='lat' dir='ltr'>expectet,</span> <span class='ocrx_word' id='word_1_320' title='bbox 1547 3273 1676 3329; x_wconf 89' lang='lat' dir='ltr'>iure</span> <span class='ocrx_word' id='word_1_321' title='bbox 1717 3270 1857 3329; x_wconf 90' lang='lat' dir='ltr'>hinc</span> <span class='ocrx_word' id='word_1_322' title='bbox 1900 3271 2176 3348; x_wconf 88' lang='lat' dir='ltr'>colligere</span> <span class='ocrx_word' id='word_1_323' title='bbox 2209 3271 2483 3331; x_wconf 89' lang='lat' dir='ltr'>videmur</span> 
     </span>
     <span class='ocr_line' id='line_1_35' title="bbox 309 3353 2482 3437; baseline 0.001 -23"><span class='ocrx_word' id='word_1_324' title='bbox 309 3358 532 3414; x_wconf 88' lang='lat' dir='ltr'>amicos</span> <span class='ocrx_word' id='word_1_325' title='bbox 571 3353 793 3414; x_wconf 89' lang='lat' dir='ltr'>Catulli</span> <span class='ocrx_word' id='word_1_326' title='bbox 827 3354 1104 3413; x_wconf 89' lang='lat' dir='ltr'>Pisonem</span> <span class='ocrx_word' id='word_1_327' title='bbox 1138 3357 1202 3413; x_wconf 92' lang='lat' dir='ltr'>in</span> <span class='ocrx_word' id='word_1_328' title='bbox 1237 3356 1592 3433; x_wconf 87' lang='lat' dir='ltr'>Hispaniam</span> <span class='ocrx_word' id='word_1_329' title='bbox 1629 3364 1856 3415; x_wconf 89' lang='lat' dir='ltr'>secutos</span> <span class='ocrx_word' id='word_1_330' title='bbox 1891 3376 2035 3429; x_wconf 89' lang='lat' dir='ltr'>esse,</span> <span class='ocrx_word' id='word_1_331' title='bbox 2072 3357 2482 3437; x_wconf 89' lang='lat' dir='ltr'>malumusque</span> 
     </span>
     <span class='ocr_line' id='line_1_36' title="bbox 309 3440 2482 3519; baseline 0 -20"><span class='ocrx_word' id='word_1_332' title='bbox 309 3440 387 3501; x_wconf 90' lang='lat' dir='ltr'>de</span> <span class='ocrx_word' id='word_1_333' title='bbox 422 3440 720 3517; x_wconf 89' lang='lat' dir='ltr'>Hispania</span> <span class='ocrx_word' id='word_1_334' title='bbox 754 3440 1017 3497; x_wconf 89' lang='lat' dir='ltr'>citeriore</span> <span class='ocrx_word' id='word_1_335' title='bbox 1052 3441 1326 3514; x_wconf 86' lang='lat' dir='ltr'>cogitare,</span> <span class='ocrx_word' id='word_1_336' title='bbox 1362 3440 1465 3499; x_wconf 90' lang='lat' dir='ltr'>ubi</span> <span class='ocrx_word' id='word_1_337' title='bbox 1491 3440 1759 3500; x_wconf 85' lang='lat' dir='ltr'>Saetabis</span> <span class='ocrx_word' id='word_1_338' title='bbox 1793 3440 2074 3519; x_wconf 91' lang='lat' dir='ltr'>oppidum</span> <span class='ocrx_word' id='word_1_339' title='bbox 2105 3441 2217 3499; x_wconf 87' lang='lat' dir='ltr'>lini</span> <span class='ocrx_word' id='word_1_340' title='bbox 2252 3441 2482 3500; x_wconf 89' lang='lat' dir='ltr'>cultura</span> 
     </span>
     <span class='ocr_line' id='line_1_37' title="bbox 312 3521 2482 3605; baseline 0.001 -22"><span class='ocrx_word' id='word_1_341' title='bbox 312 3524 543 3585; x_wconf 89' lang='lat' dir='ltr'>celebre</span> <span class='ocrx_word' id='word_1_342' title='bbox 581 3527 756 3583; x_wconf 90' lang='lat' dir='ltr'>situm</span> <span class='ocrx_word' id='word_1_343' title='bbox 792 3532 933 3582; x_wconf 91' lang='lat' dir='ltr'>erat.</span> <span class='ocrx_word' id='word_1_344' title='bbox 987 3543 1163 3602; x_wconf 91' lang='lat' dir='ltr'>quam</span> <span class='ocrx_word' id='word_1_345' title='bbox 1189 3526 1553 3601; x_wconf 90' lang='lat' dir='ltr'>provinciam</span> <span class='ocrx_word' id='word_1_346' title='bbox 1581 3545 1634 3583; x_wconf 93' lang='lat' dir='ltr'>a.</span> <span class='ocrx_word' id='word_1_347' title='bbox 1664 3521 1893 3601; x_wconf 79' lang='lat' dir='ltr'>697s57</span> <span class='ocrx_word' id='word_1_348' title='bbox 1920 3527 2199 3585; x_wconf 90' lang='lat' dir='ltr'>Pisonem</span> <span class='ocrx_word' id='word_1_349' title='bbox 2228 3527 2482 3605; x_wconf 83' lang='lat' dir='ltr'>aliquem</span> 
     </span>
     <span class='ocr_line' id='line_1_38' title="bbox 309 3608 2483 3690; baseline 0.001 -23"><span class='ocrx_word' id='word_1_350' title='bbox 309 3630 420 3690; x_wconf 88' lang='lat' dir='ltr'>pro</span> <span class='ocrx_word' id='word_1_351' title='bbox 470 3616 739 3686; x_wconf 83' lang='lat' dir='ltr'>praetore</span> <span class='ocrx_word' id='word_1_352' title='bbox 792 3608 1232 3667; x_wconf 87' lang='lat' dir='ltr'>administrasse</span> <span class='ocrx_word' id='word_1_353' title='bbox 1293 3609 1456 3668; x_wconf 93' lang='lat' dir='ltr'>nullo</span> <span class='ocrx_word' id='word_1_354' title='bbox 1510 3610 1889 3678; x_wconf 87' lang='lat' dir='ltr'>confirmatur</span> <span class='ocrx_word' id='word_1_355' title='bbox 1945 3612 2296 3670; x_wconf 90' lang='lat' dir='ltr'>testimonio.</span> <span class='ocrx_word' id='word_1_356' title='bbox 2377 3611 2483 3670; x_wconf 91' lang='lat' dir='ltr'>sed</span> 
     </span>
     <span class='ocr_line' id='line_1_39' title="bbox 312 3692 2483 3773; baseline 0 -20"><span class='ocrx_word' id='word_1_357' title='bbox 312 3693 551 3765; x_wconf 89' lang='lat' dir='ltr'>sufficit,</span> <span class='ocrx_word' id='word_1_358' title='bbox 599 3693 789 3766; x_wconf 89' lang='lat' dir='ltr'>credo,</span> <span class='ocrx_word' id='word_1_359' title='bbox 835 3714 912 3754; x_wconf 91' lang='lat' dir='ltr'>ne</span> <span class='ocrx_word' id='word_1_360' title='bbox 955 3692 1138 3752; x_wconf 89' lang='lat' dir='ltr'>alium</span> <span class='ocrx_word' id='word_1_361' title='bbox 1173 3693 1409 3771; x_wconf 90' lang='lat' dir='ltr'>quidem</span> <span class='ocrx_word' id='word_1_362' title='bbox 1452 3696 1689 3753; x_wconf 88' lang='lat' dir='ltr'>novisse</span> <span class='ocrx_word' id='word_1_363' title='bbox 1731 3696 1835 3773; x_wconf 92' lang='lat' dir='ltr'>qui</span> <span class='ocrx_word' id='word_1_364' title='bbox 1866 3694 2220 3773; x_wconf 88' lang='lat' dir='ltr'>Hispaniam</span> <span class='ocrx_word' id='word_1_365' title='bbox 2254 3697 2483 3754; x_wconf 79' lang='lat' dir='ltr'>citerio-</span> 
     </span>
     <span class='ocr_line' id='line_1_40' title="bbox 309 3779 2484 3858; baseline 0.002 -20"><span class='ocrx_word' id='word_1_366' title='bbox 309 3797 439 3838; x_wconf 89' lang='lat' dir='ltr'>rem</span> <span class='ocrx_word' id='word_1_367' title='bbox 473 3788 597 3837; x_wconf 88' lang='lat' dir='ltr'>tum</span> <span class='ocrx_word' id='word_1_368' title='bbox 639 3781 918 3855; x_wconf 91' lang='lat' dir='ltr'>temporis</span> <span class='ocrx_word' id='word_1_369' title='bbox 962 3779 1296 3851; x_wconf 89' lang='lat' dir='ltr'>obtinuerit,</span> <span class='ocrx_word' id='word_1_370' title='bbox 1341 3797 1591 3858; x_wconf 91' lang='lat' dir='ltr'>cumque</span> <span class='ocrx_word' id='word_1_371' title='bbox 1634 3798 1756 3837; x_wconf 90' lang='lat' dir='ltr'>non</span> <span class='ocrx_word' id='word_1_372' title='bbox 1799 3798 1999 3838; x_wconf 88' lang='lat' dir='ltr'>omnes</span> <span class='ocrx_word' id='word_1_373' title='bbox 2043 3786 2200 3839; x_wconf 88' lang='lat' dir='ltr'>certe</span> <span class='ocrx_word' id='word_1_374' title='bbox 2233 3779 2484 3844; x_wconf 81' lang='lat' dir='ltr'>Pisones</span> 
     </span>
     <span class='ocr_line' id='line_1_41' title="bbox 311 3862 2484 3963; baseline 0.001 -40"><span class='ocrx_word' id='word_1_375' title='bbox 311 3863 488 3923; x_wconf 90' lang='lat' dir='ltr'>nobis</span> <span class='ocrx_word' id='word_1_376' title='bbox 530 3867 595 3922; x_wconf 93' lang='lat' dir='ltr'>in</span> <span class='ocrx_word' id='word_1_377' title='bbox 638 3867 908 3923; x_wconf 86' lang='lat' dir='ltr'>notitiam</span> <span class='ocrx_word' id='word_1_378' title='bbox 941 3865 1240 3935; x_wconf 90' lang='lat' dir='ltr'>venerint,</span> <span class='ocrx_word' id='word_1_379' title='bbox 1304 3863 1511 3942; x_wconf 90' lang='lat' dir='ltr'>quidni</span> <span class='ocrx_word' id='word_1_380' title='bbox 1547 3862 1804 3963; x_wconf 86' lang='lat' dir='ltr'>aliquem</span> <span class='ocrx_word' id='word_1_381' title='bbox 1840 3863 1913 3923; x_wconf 92' lang='lat' dir='ltr'>de</span> <span class='ocrx_word' id='word_1_382' title='bbox 1948 3883 2019 3923; x_wconf 91' lang='lat' dir='ltr'>ea</span> <span class='ocrx_word' id='word_1_383' title='bbox 2058 3863 2286 3923; x_wconf 88' lang='lat' dir='ltr'>familia</span> <span class='ocrx_word' id='word_1_384' title='bbox 2318 3864 2484 3926; x_wconf 91' lang='lat' dir='ltr'>illam</span> 
     </span>
     <span class='ocr_line' id='line_1_42' title="bbox 311 3947 2488 4028; baseline 0.002 -22"><span class='ocrx_word' id='word_1_385' title='bbox 311 3950 682 4028; x_wconf 87' lang='lat' dir='ltr'>provinciam</span> <span class='ocrx_word' id='word_1_386' title='bbox 726 3967 795 4008; x_wconf 88' lang='lat' dir='ltr'>eo</span> <span class='ocrx_word' id='word_1_387' title='bbox 830 3969 1005 4028; x_wconf 91' lang='lat' dir='ltr'>quem</span> <span class='ocrx_word' id='word_1_388' title='bbox 1049 3947 1308 4007; x_wconf 85' lang='lat' dir='ltr'>diximus</span> <span class='ocrx_word' id='word_1_389' title='bbox 1351 3968 1508 4012; x_wconf 89' lang='lat' dir='ltr'>anno</span> <span class='ocrx_word' id='word_1_390' title='bbox 1551 3950 1776 4008; x_wconf 87' lang='lat' dir='ltr'>rexisse</span> <span class='ocrx_word' id='word_1_391' title='bbox 1820 3968 1853 4008; x_wconf 87' lang='lat' dir='ltr'>e</span> <span class='ocrx_word' id='word_1_392' title='bbox 1889 3948 2123 4009; x_wconf 90' lang='lat' dir='ltr'>Catullo</span> <span class='ocrx_word' id='word_1_393' title='bbox 2169 3950 2488 4010; x_wconf 80' lang='lat' dir='ltr'>concluda—</span> 
     </span>
     <span class='ocr_line' id='line_1_43' title="bbox 312 4032 2488 4116; baseline 0.002 -24"><span class='ocrx_word' id='word_1_394' title='bbox 312 4032 486 4092; x_wconf 75' lang='lat' dir='ltr'>mus?</span> <span class='ocrx_word' id='word_1_395' title='bbox 532 4035 695 4091; x_wconf 90' lang='lat' dir='ltr'>cuius</span> <span class='ocrx_word' id='word_1_396' title='bbox 741 4033 1098 4093; x_wconf 89' lang='lat' dir='ltr'>carminibus</span> <span class='ocrx_word' id='word_1_397' title='bbox 1144 4036 1195 4093; x_wconf 90' lang='lat' dir='ltr'>si</span> <span class='ocrx_word' id='word_1_398' title='bbox 1230 4033 1493 4093; x_wconf 90' lang='lat' dir='ltr'>destituti</span> <span class='ocrx_word' id='word_1_399' title='bbox 1537 4051 1819 4106; x_wconf 90' lang='lat' dir='ltr'>essemus,</span> <span class='ocrx_word' id='word_1_400' title='bbox 1866 4053 1944 4094; x_wconf 91' lang='lat' dir='ltr'>ne</span> <span class='ocrx_word' id='word_1_401' title='bbox 1976 4034 2322 4094; x_wconf 87' lang='lat' dir='ltr'>Memmium</span> <span class='ocrx_word' id='word_1_402' title='bbox 2356 4038 2488 4116; x_wconf 88' lang='lat' dir='ltr'>qui-</span> 
     </span>
     <span class='ocr_line' id='line_1_44' title="bbox 314 4114 2487 4200; baseline 0.001 -22"><span class='ocrx_word' id='word_1_403' title='bbox 314 4117 452 4178; x_wconf 92' lang='lat' dir='ltr'>dem</span> <span class='ocrx_word' id='word_1_404' title='bbox 485 4117 816 4196; x_wconf 89' lang='lat' dir='ltr'>praesidem</span> <span class='ocrx_word' id='word_1_405' title='bbox 839 4119 1162 4197; x_wconf 85' lang='lat' dir='ltr'>Bithyniae</span> <span class='ocrx_word' id='word_1_406' title='bbox 1194 4114 1376 4177; x_wconf 80' lang='lat' dir='ltr'>fuisse</span> <span class='ocrx_word' id='word_1_407' title='bbox 1413 4119 1708 4178; x_wconf 88' lang='lat' dir='ltr'>sciremus.</span> <span class='ocrx_word' id='word_1_408' title='bbox 1770 4118 1917 4178; x_wconf 88' lang='lat' dir='ltr'>haec</span> <span class='ocrx_word' id='word_1_409' title='bbox 1942 4128 2031 4179; x_wconf 88' lang='lat' dir='ltr'>est</span> <span class='ocrx_word' id='word_1_410' title='bbox 2055 4120 2308 4181; x_wconf 88' lang='lat' dir='ltr'>Bruneri</span> <span class='ocrx_word' id='word_1_411' title='bbox 2343 4141 2487 4200; x_wconf 87' lang='lat' dir='ltr'>quo·</span> 
     </span>
    </p>
   </div>
   <div class='ocr_carea' id='block_1_3' title="bbox 311 4203 2487 4343">
    <p class='ocr_par' dir='ltr' id='par_1_3' title="bbox 311 4203 2487 4343">
     <span class='ocr_line' id='line_1_45' title="bbox 311 4203 2487 4287; baseline 0.004 -25"><span class='ocrx_word' id='word_1_412' title='bbox 311 4222 431 4283; x_wconf 89' lang='lat' dir='ltr'>que</span> <span class='ocrx_word' id='word_1_413' title='bbox 474 4222 530 4280; x_wconf 89' lang='lat' dir='ltr'>p.</span> <span class='ocrx_word' id='word_1_414' title='bbox 570 4203 690 4262; x_wconf 87' lang='grc'>636</span> <span class='ocrx_word' id='word_1_415' title='bbox 738 4206 1044 4265; x_wconf 88' lang='lat' dir='ltr'>sententia.</span> <span class='ocrx_word' id='word_1_416' title='bbox 1117 4212 1319 4264; x_wconf 89' lang='lat' dir='ltr'>contra</span> <span class='ocrx_word' id='word_1_417' title='bbox 1360 4203 1859 4281; x_wconf 86' lang='lat' dir='ltr'>Iungclaussenus</span> <span class='ocrx_word' id='word_1_418' title='bbox 1899 4225 1958 4285; x_wconf 90' lang='lat' dir='ltr'>p.</span> <span class='ocrx_word' id='word_1_419' title='bbox 1997 4206 2077 4263; x_wconf 87' lang='lat'>20</span> <span class='ocrx_word' id='word_1_420' title='bbox 2120 4225 2252 4265; x_wconf 89' lang='lat' dir='ltr'>cum</span> <span class='ocrx_word' id='word_1_421' title='bbox 2296 4224 2487 4287; x_wconf 74' lang='lat' dir='ltr'>eoque</span> 
     </span>
     <span class='ocr_line' id='line_1_46' title="bbox 416 4298 2144 4343; baseline 0.002 -3"><span class='ocrx_word' id='word_1_422' title='bbox 416 4298 607 4340; x_wconf 76' lang='lat' dir='ltr'>Catullus</span> <span class='ocrx_word' id='word_1_423' title='bbox 2100 4303 2144 4343; x_wconf 89' lang='lat' dir='ltr'>D</span> 
     </span>
    </p>
   </div>
  </div>
 </body>
</html>
