3225 5171
1219 466 1674 513 PROLEGOMBNA
2414 468 2537 511 va

354 590 634 650 addictus
670 595 810 649 erat.
863 590 968 667 qui
1002 593 1313 667 postquam
1340 595 1487 648 teste
1513 589 1883 666 Hieronymo
1912 585 1991 645 ad
2023 606 2159 646 ann.
2188 583 2333 647 Abr.
2367 587 2530 645 1935

354 696 517 735 anno
553 678 762 734 aetatis
797 675 1092 732 tricesimo
1125 677 1332 752 quinto
1363 672 1623 733 Graecas
1656 673 1882 732 litteras
1917 693 2050 732 cum
2076 691 2301 732 summo
2337 671 2534 731 studio

354 760 680 833 didicisset,
727 758 805 818 ad
837 757 1383 818 Alexandrinorum
1415 762 1807 818 imitationem
1840 765 1900 817 et
1940 761 2070 835 ipse
2105 776 2231 817 sese
2266 757 2530 816 contulit.

354 864 553 925 neque
607 844 828 921 elegias
881 847 1007 902 eius
1059 863 1097 901 a
1146 843 1506 923 reliquorum
1552 842 1796 903 Catonis
1849 840 2271 920 discipulorum
2319 851 2534 901 natura

352 930 624 990 diversas
674 930 857 988 fuisse
903 927 1078 987 Ovid.
1123 931 1271 988 trist.
1318 929 1385 988 ΙΙ
1427 929 1551 987 439
1589 948 1633 987 s·
1686 937 1745 988 et
1786 926 2050 1006 Propert.
2095 928 2196 986 III
2241 928 2320 986 34
2367 926 2445 984 85
2483 947 2529 988 8.

352 1015 692 1075 ostendunt.
747 1013 852 1073 sed
876 1012 1034 1092 quod
1061 1012 1219 1072 idem
1236 1012 1645 1090 Argonautica
1660 1012 1969 1092 Apollonii
1983 1011 2222 1085 Rhodii,
2249 1031 2531 1089 magnum

352 1119 500 1180 epos
536 1117 595 1159 et
621 1121 658 1158 a
683 1098 1036 1159 Callimachi
1067 1099 1394 1158 rationibus
1428 1098 1766 1170 abhorrenS,
1803 1101 1868 1156 in
1896 1098 2180 1156 Latinum
2205 1116 2534 1157 sermonem

353 1188 664 1258 convertit,
705 1204 836 1243 eum
873 1184 1241 1262 aliquantum
1275 1203 1312 1241 a
1348 1183 1583 1243 scholae
1609 1186 1943 1263 praeceptis
1972 1181 2298 1241 declinasse
2321 1190 2533 1261 putan-

357 1270 501 1329 dum
536 1278 640 1328 est.
713 1277 934 1348 quanto
978 1276 1175 1327 autem
1217 1272 1408 1345 magis
1451 1268 1514 1327 hi
1555 1276 1769 1346 poetae
1810 1271 1877 1326 in
1921 1267 2244 1327 condendis
2287 1271 2532 1326 minoris

357 1356 617 1415 ambitus
652 1354 1011 1413 carminibus
1055 1354 1177 1412 fere
1220 1353 1597 1432 adquiescere
1644 1352 1930 1425 solebant,
1976 1360 2140 1411 tanto
2186 1352 2532 1429 diligentius

332 1459 432 1500 ea
466 1438 1009 1498 Alexandrinorum
1045 1457 1205 1497 more
1246 1437 1658 1517 perpoliebant
1699 1456 2079 1516 summaeque
2123 1436 2439 1497 studebant
2472 1447 2533 1496 et

354 1527 642 1584 orationis
677 1533 739 1584 et
770 1543 1146 1583 numerorum
1179 1521 1528 1599 elegantiae.
1588 1544 1709 1603 qua
1733 1527 1799 1582 in
1834 1543 1897 1583 re
1922 1541 2096 1583 nemo
2122 1522 2366 1582 ulterius
2401 1543 2531 1601 pro-

354 1613 604 1669 cessisse
636 1608 874 1668 videtur
905 1629 1083 1687 quam
1127 1608 1380 1668 Helvius
1417 1607 1638 1681 Cinna,
1685 1612 1851 1668 cuius
1887 1608 2235 1686 Zmyrnam,
2280 1628 2530 1686 parvum

354 1716 521 1774 opuS,
566 1713 780 1753 novem
817 1697 988 1752 annis
1024 1692 1385 1753 elaboratam
1421 1712 1549 1754 esse
1584 1696 1814 1753 scimuS.
1886 1692 1989 1753 sed
2022 1692 2182 1752 idem
2223 1696 2290 1752 in
2324 1692 2531 1752 eodem

354 1783 619 1840 carmine
652 1783 830 1837 etiam
863 1781 1013 1838 vitia
1044 1777 1587 1838 Alexandrinorum
1629 1789 1937 1857 poetarum
1972 1777 2317 1854 diligentius
2352 1799 2530 1857 quam

351 1863 685 1923 studiorum
721 1872 1015 1923 consortes
1059 1866 1415 1942 expressisse
1456 1863 1709 1922 videtur.
1777 1861 1938 1942 quod
1979 1862 2220 1941 quidem
2263 1862 2530 1942 epyllion

354 1949 769 2027 Philargyrius
806 1947 884 2007 ad
907 1949 1132 2025 Vergil.
1162 1949 1268 2007 ecl.
1295 1949 1392 2007 IX
1423 1948 1500 2006 35
1534 1946 1681 2007 adeo
1717 1947 2030 2007 obscurum
2066 1946 2246 2006 fuisse
2281 1955 2531 2007 testatur

355 2041 428 2093 ut
450 2054 571 2092 non
596 2034 747 2092 nulli
777 2037 903 2093 eius
929 2037 1140 2093 aetatis
1165 2036 1537 2109 grammatici
1564 2051 1638 2092 ex
1663 2032 1825 2091 illius
1852 2035 2222 2091 enarratione
2249 2051 2529 2108 magnam
2575 2053 2588 2063 ’

357 2119 609 2194 gloriam
653 2122 951 2178 consecuti
994 2122 1129 2176 sint.
1200 2135 1392 2195 neque
1435 2136 1574 2175 vero
1621 2116 1867 2175 dubium
1909 2123 1999 2175 est
2041 2119 2187 2194 quin
2227 2115 2294 2174 id
2333 2119 2529 2193 ipsum

328 2203 554 2263 Cinna
597 2202 715 2261 sibi
756 2201 923 2261 laudi
967 2201 1219 2275 duxerit,
1273 2199 1770 2280 quemadmodum
1813 2199 2241 2260 Alexandrinis
2291 2219 2526 2280 quoque

329 2293 544 2369 poetis
577 2292 957 2366 interpretem
992 2294 1052 2345 et
1084 2289 1382 2365 requirere
1408 2294 1468 2346 et
1490 2289 1763 2346 invenire
1786 2285 2176 2345 honorificum
2201 2293 2290 2345 est
2312 2288 2526 2345 visum.

330 2374 509 2433 ‘confi
546 2371 872 2431 Merkelius
907 2369 985 2429 ad
1018 2371 1158 2429 Ibin
1192 2391 1248 2449 p.
1289 2372 1427 2430 347.
1499 2371 1604 2430 sed
1639 2369 1799 2450 quod
1840 2374 1940 2429 isti
1973 2378 2185 2450 poetae
2226 2370 2305 2429 ad
2339 2392 2526 2430 unum

330 2477 560 2518 omnes
592 2456 730 2515 rudi
772 2463 899 2515 arte
942 2458 1341 2534 antiquiorum
1385 2463 1581 2534 spreta
1621 2459 1688 2515 in
1733 2459 1997 2516 oratione
2040 2464 2099 2515 et
2137 2459 2203 2514 in
2254 2456 2524 2516 versibus

332 2544 561 2603 ‘limam
608 2549 773 2601 tanto
820 2561 953 2601 cum
997 2541 1190 2600 studio
1243 2541 1754 2616 consectabantur,
1798 2543 1960 2601 viam
2002 2544 2526 2621 praemuniverunt

327 2630 430 2689 ·ad
455 2626 878 2708 perfectionem
904 2626 1071 2685 illam
1098 2646 1250 2706 quae
1273 2626 1535 2704 Augusti
1559 2635 1822 2706 tempore
1848 2626 2140 2705 adparuit,
2170 2631 2525 2687 continetur·-

354 2733 472 2793 que
507 2732 578 2773 ea
612 2732 677 2773 re
710 2712 1039 2791 principale
1071 2715 1251 2771 totius
1278 2712 1511 2772 scholae
1539 2711 1908 2773 Catonianae
1943 2711 2017 2772 de
2050 2712 2261 2771 litteris
2288 2712 2522 2771 Latinis

353 2802 644 2858 meritum.
714 2801 836 2856 iam
879 2800 930 2857 si
963 2800 1300 2876 quaerimus
1336 2796 1481 2876 quid
1523 2797 1799 2876 aequales
1835 2796 1910 2857 de
1953 2796 2064 2855 hac
2099 2803 2258 2856 secta
2299 2796 2517 2855 iudica·

352 2887 565 2956 verint,
600 2887 667 2942 in
702 2882 964 2941 diversas
999 2901 1097 2941 eos
1132 2885 1455 2942 sententias
1491 2880 1830 2941 discessisse
1861 2884 2199 2959 reperimus·
2259 2901 2382 2939 non
2426 2881 2522 2941 de-

239 3006 242 3009 ·
328 2977 525 3027 ..erant
568 2968 826 3026 fautores
869 2985 1062 3027 novae
1103 2970 1351 3026 rationis
1393 2969 1550 3025 inter
1589 2969 1750 3025 viros
1794 2966 2002 3025 horum
2043 2973 2373 3044 temporum
2406 2969 2523 3044 pri-

348 3056 584 3111 marios.
653 3052 1039 3110 Hortensium
1077 3050 1349 3110 Ortalum
1393 3058 1678 3109 oratorem
1724 3071 1762 3109 a
1797 3049 2031 3111 Catullo
2077 3050 2297 3127 elegias
2342 3049 2521 3109 Calli-

350 3136 614 3195 machias
681 3138 747 3193 in
808 3136 1091 3195 Latinum
1152 3154 1479 3195 sermonem
1548 3154 1859 3194 conversas
1930 3138 2285 3214 expetivisse
2345 3155 2523 3214 supra

346 3220 627 3290 vidimus,
679 3219 989 3299 ipsumque
1038 3222 1199 3280 horis
1251 3221 1573 3280 subsecivis
1618 3224 1880 3279 carmina
1934 3222 2219 3280 amatoria
2259 3220 2523 3282 Alexan-

328 3307 525 3365 drino
562 3304 695 3364 stilo
733 3308 1034 3382 scripsisse
1069 3303 1323 3365 Ovidius
1366 3307 1531 3365 testis
1576 3313 1680 3379 est,
1729 3326 1863 3365 cum
1903 3309 2062 3366 inter
2095 3324 2193 3365 eos
2235 3309 2341 3384 qui
2384 3314 2522 3367 ante

346 3410 415 3451 se
459 3409 687 3449 amores
732 3392 1052 3449 cecinerint
1083 3390 1469 3450 Hortensium
1509 3410 1746 3470 quoque
1786 3390 1998 3450 laudet:¹
2031 3411 2154 3449 una
2197 3411 2331 3450 cum
2373 3390 2522 3449 Var-

325 3496 494 3536 rone
538 3476 810 3547 Atacino,
857 3473 1100 3546 Catone,
1147 3473 1481 3547 Cornificio,
1537 3475 1736 3535 Cinna
1778 3483 1953 3555 atque
1996 3478 2186 3534 sociis.
2255 3474 2413 3535 idem
2454 3478 2522 3535 in

348 3561 419 3623 C.
448 3562 794 3620 Memmium
829 3558 1005 3632 cadit,
1043 3561 1209 3618 cuius
1241 3567 1646 3639 poematorum
1672 3559 1927 3619 Ovidius
1963 3560 2169 3619 eodem
2201 3559 2332 3619 loco
2358 3578 2520 3620 men-

325 3667 335 3690 «
348 3649 571 3706 tionem
606 3644 767 3716 facit,
805 3664 1113 3724 quemque,
1152 3665 1287 3704 cum
1320 3644 1398 3703 ad
1426 3644 1750 3721 regendam
1776 3644 2123 3722 Bithyniam
2155 3646 2522 3723 provinciam
2565 3643 2568 3648 ’

346 3731 568 3803 abiret,
633 3730 935 3791 Catullum
997 3739 1056 3789 et
1108 3730 1363 3789 Cinnam
1417 3749 1616 3789 secum
1668 3729 1908 3788 duxisse
1968 3731 2198 3787 scimus·
2279 3748 2521 3789 consen-

348 3823 706 3894 taneumque
741 3823 830 3874 est
864 3818 1006 3873 artis
1048 3817 1519 3893 progressionem
1550 3814 1803 3873 libenter
1846 3813 2181 3892 amplexum
2225 3832 2349 3874 esse
2385 3833 2522 3874 eum

344 3920 527 3980 <quem
565 3900 770 3961 Cicero
812 3902 984 3959 Bruti
1032 3899 1066 3975 ξ
1104 3901 1227 3957 247
1268 3899 1595 3979 perfectum
1637 3899 1867 3971 litteris,
1914 3898 2017 3958 sed
2054 3898 2314 3973 Graecis,
2361 3900 2523 3959 fasti-

352 3985 582 4046 diosum
616 3985 966 4045 Latinarum
1012 3984 1169 4044 dicit.
1238 3993 1302 4044 at
1345 3984 1690 4044 Ciceronem
1734 4004 1871 4043 suus
1915 3991 2180 4043 veterum
2217 3993 2524 4063 poetarum

346 4091 516 4130 amor
550 4078 727 4149 atque
761 4069 1071 4129 admiratio
1105 4070 1448 4149 inpediebat
1483 4089 1597 4148 quo
1634 4072 1832 4127 minus
1867 4086 2120 4148 aequum
2153 4088 2218 4129 se
2252 4073 2337 4129 eis
2370 4070 2524 4130 iudi-

345 4175 479 4215 cem
531 4155 839 4234 praeberet
888 4158 993 4235 qui
1045 4155 1120 4214 ab
1165 4155 1402 4214 illorum
1446 4152 1871 4214 consuetudine
1911 4154 2112 4233 palam
2162 4155 2522 4215 recederent.

351 4260 736 4321 quamquam,
772 4260 906 4301 cum
938 4242 1067 4320 ipse
1099 4240 1354 4301 solutam
1388 4241 1713 4300 orationem
1736 4246 1903 4299 tanta
1930 4260 2062 4299 cum
2088 4240 2412 4308 subtilitate
2446 4239 2529 4299 ad.

459 4336 657 4379 Catullus
2145 4338 2185 4377 Ε
