3225 5171
1054 474 1408 518 ADNOTATIO
1454 473 1700 518 ORITIGA
2319 474 2472 518 oxm

281 595 466 656 vlineis
520 593 599 654 ad
648 593 916 671 regulam
967 593 1175 666 ductis,
1228 593 1540 654 referenda
1592 600 1770 674 atque
1822 613 1955 654 cum
2007 593 2204 653 verbis
2249 598 2470 670 pumice

293 684 478 739 omnia
511 689 756 755 aequata
783 677 1200 756 coniungenda
1227 687 1378 739 sunt.
1432 679 1545 738 hoe
1571 700 1705 738 cum
1729 681 2049 740 rectissime
2073 683 2469 758 perspexisset

292 768 528 838 Munro,
571 767 637 824 in
682 784 750 824 eo
783 772 986 823 tamen
1029 765 1250 824 erravit
1283 764 1444 844 quod
1479 772 1698 843 puncto
1734 771 1867 843 post
1900 766 2245 822 membranae
2278 766 2468 843 posito

294 851 479 910 verba
513 851 736 908 derecta
752 880 836 890 —
855 859 1099 924 aequata
1127 869 1260 909 cum
1294 851 1428 907 haec
1460 851 1807 928 pronomine
1841 851 1905 908 in
1929 870 1985 908 v.
2017 851 2053 906 9
2092 852 2467 909 consociavit.

290 939 514 995 etenim
544 938 724 995 totius
767 934 884 994 loci
918 937 1067 993 ratio
1105 933 1464 994 demonstrat
1499 935 1682 994 verbo
1718 945 1959 1010 aequata
1996 933 2233 994 demum
2268 938 2466 995 termi-

294 1024 430 1079 nari
465 1022 851 1080 enuntiatum.
923 1037 1104 1099 quare
1137 1026 1272 1097 post
1305 1021 1654 1077 membranae
1688 1039 1916 1078 comma
1949 1019 2288 1097 ponendum
2323 1027 2467 1078 erat.

293 1108 382 1164 ita
417 1109 740 1164 orationem
784 1125 916 1164 cum
959 1103 1428 1178 conformassem,
1473 1104 1602 1163 vidi
1644 1103 1851 1164 eodem
1894 1104 2068 1163 modo
2102 1105 2469 1164 Benoistium

295 1191 606 1249 Mum-onis
650 1191 977 1249 sententiae
1021 1191 1376 1249 succurrisse
1411 1186 1615 1264 (revue
1652 1189 1726 1248 tle
1759 1189 1983 1267 philol,
2028 1210 2087 1249 n.
2124 1209 2169 1248 s.
2204 1189 2308 1249 ΠΙ
2343 1187 2467 1265 27).

293 1277 622 1334 temerariis
656 1282 863 1353 postea
900 1276 1252 1334 coniecturis
1285 1274 1482 1334 locum
1514 1277 1826 1352 temptavit
1859 1274 2084 1333 Birtius
2120 1281 2239 1332 ant.
2275 1274 2469 1333 Buch-

294 1379 492 1419 wesen
524 1380 582 1438 p.
621 1359 717 1418 69.
789 1362 916 1417 lora
950 1361 1126 1417 rubra
1159 1378 1270 1436 ego
1307 1359 1546 1440 quidem
1581 1358 1811 1418 indices
1847 1362 1975 1418 sive
2009 1354 2326 1437 σιττύβους,
2363 1362 2467 1440 qui

295 1444 446 1504 falso
488 1444 670 1521 vulgo
712 1439 972 1522 σίλλυβοι
1015 1452 1302 1503 vocantur
1345 1441 1424 1518 (v.
1461 1445 1763 1522 Hauptius
1800 1463 1993 1523 opusc.
2029 1445 2132 1502 ΙΙΙ
2166 1443 2337 1521 411),
2380 1446 2470 1503 in·

295 1530 530 1606 tellego.
615 1529 768 1588 conf.
808 1529 1145 1608 Hesychius
1179 1530 1287 1602 IV,
1323 1549 1380 1630 p.
1419 1530 1498 1588 36
1537 1529 1765 1589 Schm.:
1802 1523 2126 1607 σιττῦβαι
2161 1527 2319 1604 (fort.
2357 1524 2467 1588 σίτ-

295 1613 512 1692 τυβοι)·
576 1611 912 1690 δερματίναι
962 1607 1181 1672 στολαί.
1269 1632 1345 1672 τα
1399 1606 1581 1689 μικροὶ
1635 1609 1964 1688 ἱμαντάρια.
2019 1645 2106 1655 -—
2158 1615 2197 1673 8
2250 1615 2473 1672 derecta

296 1698 538 1759 Statius,
610 1701 825 1757 detecta
857 1699 932 1759 V.
1005 1700 1218 1757 directa
1249 1699 1568 1777 Hauptius.
1642 1698 1793 1758 conf.
1831 1699 2031 1757 Ellisii
2066 1697 2203 1758 adn.
2241 1701 2367 1759 crit.
2387 1732 2471 1741 —

302 1785 380 1841 13
419 1787 620 1842 tersius
654 1785 869 1842 Munro
902 1783 941 1842 l.
969 1783 1027 1856 l.,
1065 1787 1169 1863 qui
1204 1783 1346 1843 olim
1383 1784 1457 1843 de
1492 1786 1826 1863 antiquiore
1858 1783 2046 1842 forma
2081 1786 2278 1841 tertius
2313 1787 2470 1862 eogi-

295 1875 544 1928 taverat.
615 1871 831 1927 tristius
864 1868 939 1928 V.
1009 1871 1195 1926 tritius
1228 1869 1649 1928 Lachmannus
1674 1869 2093 1947 Hauptiusque
2119 1889 2251 1928 cum
2279 1869 2467 1928 Italis·

426 1953 613 2013 XXV
648 1953 684 2011 5
721 1956 1070 2012 mulierarios
1103 1954 1423 2032 Hauptius,
1462 1953 1621 2033 quod
1655 1954 1888 2024 retinui,
1927 1971 2098 2012 cruce
2131 1961 2333 2011 tamen
2368 1953 2470 2011 ad-

298 2042 510 2116 posita,
553 2059 692 2097 nam
734 2038 930 2099 locum
964 2037 1381 2097 difficillimum
1425 2040 1509 2098 sic
1545 2045 1926 2116 persanatum
1960 2055 2087 2096 esse
2120 2057 2242 2096 non
2276 2038 2469 2098 credo.

297 2122 576 2196 ml’r‘aries
601 2122 673 2184 Ο.
733 2127 929 2181 mulier
961 2126 1105 2181 alios
1130 2122 1190 2181 G·
1213 2124 1279 2180 in
1295 2129 1477 2182 textu.
1545 2141 1665 2179 cum
1692 2123 1824 2179 diva
1851 2123 2078 2180 Murcia
2111 2125 2307 2180 atrieis
2333 2143 2384 2180 0.
2415 2143 2466 2180 ο.

299 2211 621 2267 novissime
655 2209 870 2266 Munro
906 2226 963 2285 p.
1001 2208 1099 2264 63.

422 2291 644 2352 XXVI
680 2295 713 2348 1
752 2301 943 2349 vestra
967 2288 1040 2350 Ο.
1068 2299 1264 2351 nostra
1289 2290 1348 2351 G
1374 2311 1508 2350 cum
1533 2307 1586 2364 ς,
1615 2291 2035 2350 Lachmannus
2063 2298 2123 2351 et
2147 2291 2465 2371 Hauptius.

293 2377 452 2436 conf.
491 2376 838 2436 Schwabius
873 2382 1096 2454 quaest.
1133 2375 1261 2436 Cat.
1300 2376 1439 2435 154.
1479 2376 1598 2435 156
1636 2384 1697 2436 et
1728 2377 1943 2436 Munro
1979 2379 2105 2435 erit.
2145 2379 2244 2436 66.

423 2461 678 2520 XXVII
720 2463 763 2518 4
807 2462 1018 2518 ebrioso
1070 2463 1228 2518 acino
1282 2464 1490 2539 scripsi
1540 2463 1895 2521 Munronem
1936 2479 1993 2539 p.
2034 2463 2112 2519 66
2134 2482 2179 2521 s.
2216 2470 2465 2523 secutus.

294 2549 509 2605 ebriose
551 2549 709 2605 acino
751 2545 825 2608 V.
905 2547 1120 2605 ebriosa
1171 2549 1336 2606 acina
1377 2547 1797 2607 Lachmannus
1838 2546 2256 2627 Hauptiusque
2298 2566 2467 2627 prae·

294 2639 474 2692 eunte
509 2630 809 2708 Scaligero
845 2631 1086 2691 adducti
1122 2633 1205 2691 eis
1239 2651 1394 2711 quae
1429 2632 1661 2693 Gellius
1685 2633 1779 2692 VI
1806 2633 1888 2691 20
1915 2634 1951 2690 6
1990 2632 2330 2711 disputavit,
2368 2638 2466 2693 cui

296 2716 427 2777 loco
462 2717 594 2796 plus
630 2736 818 2797 aequo
850 2718 1133 2777 tributum
1166 2720 1231 2776 in
1266 2720 1404 2777 crisi
1438 2714 1793 2776 Catulliana.

423 2802 708 2862 XXVIII
742 2804 779 2861 3
827 2804 1039 2861 Verani
1069 2803 1143 2862 V.
1207 2804 1456 2861 Veranni
1486 2802 1804 2880 Hauptius.
1860 2800 2011 2860 conf.
2047 2800 2127 2859 ad
2160 2801 2259 2859 IX
2296 2804 2349 2860 1.
2376 2832 2465 2843 ——-

297 2886 337 2945 6
373 2895 506 2965 post
547 2887 706 2945 hune
739 2907 972 2947 versum
1006 2889 1242 2965 signum
1283 2888 1536 2946 lacunae
1576 2888 1750 2965 posui
1792 2905 1979 2944 unum
2019 2885 2465 2965 hendecasylla-

297 2972 444 3031 bum
477 2971 765 3031 excidisse
797 2980 976 3045 ratus,
1013 2974 1099 3031 ita
1132 2980 1199 3030 ut
1231 2973 1476 3032 verbum
1512 2990 1810 3047 expensum
1843 2970 1921 3028 ad
1956 2969 2201 3029 alteram
2236 2979 2464 3049 partem

292 3058 775 3131 interrogationis
825 3076 986 3116 nunc
1035 3060 1312 3115 amissam
1352 3058 1663 3135 pertineat.
1734 3054 1893 3134 quod
1927 3057 1993 3127 si,
2039 3063 2107 3113 ut
2148 3056 2330 3133 vulgo
2375 3057 2459 3130 fit,

292 3159 434 3200 cum
469 3141 553 3199 eis
588 3157 739 3218 quae
772 3143 839 3198 in
871 3140 1038 3199 libris
1073 3143 1339 3219 proxime
1364 3139 1722 3200 antecedunt
1745 3142 2138 3217 coniungitur,
2174 3140 2255 3199 ad
2287 3141 2463 3202 valde

291 3224 677 3285 artificiosam
718 3224 1265 3305 inprobabilemque
1299 3227 1842 3303 interpretationem
1877 3225 2338 3302 confugiendum
2374 3235 2464 3287 est

293 3309 476 3387 (conf.
511 3309 713 3368 Ellisii
749 3310 1160 3384 commentar).
1216 3313 1343 3369 sine
1378 3310 1558 3369 dubio
1584 3317 1761 3388 poeta
1785 3329 1859 3370 ex
1886 3312 2092 3369 amicis
2119 3311 2463 3389 simpliciter

294 3396 671 3475 quaesiverat
718 3401 914 3453 utrum
963 3394 1114 3453 lucri
1163 3393 1390 3474 aliquid
1439 3397 1506 3455 in
1545 3395 1783 3454 Pisonis
1834 3396 2143 3475 provincia
2183 3396 2462 3455 fecissent

295 3500 391 3553 an,
443 3487 512 3540 ut
561 3482 686 3557 ipse
736 3481 800 3538 in
851 3480 1129 3551 Memmii,
1191 3480 1324 3557 plus
1385 3479 1803 3559 expendissent
1852 3500 2031 3560 quam
2082 3483 2459 3558 accepissent.

296 3565 449 3624 conf.
488 3586 536 3623 c.
570 3564 636 3623 X
672 3565 726 3623 8.
807 3582 1001 3644 neque
1041 3563 1234 3636 video,
1281 3566 1397 3624 nisi
1439 3567 1526 3623 ita
1558 3565 1684 3624 fere
1716 3566 2135 3642 interrogasset
2170 3562 2458 3639 Catullus,

292 3669 413 3729 quo
447 3649 621 3709 modo
646 3670 702 3709 v.
736 3650 815 3706 12
851 3667 1094 3728 pergere
1128 3651 1412 3727 potuisset
1446 3650 1538 3708 his
1564 3650 1791 3709 verbis:
1828 3651 1945 3721 sed,
1984 3659 2248 3724 quantum
2279 3652 2457 3723 videt»,

287 3738 429 3811 pari
458 3737 647 3807 fuistis
675 3733 846 3792 Casu.
919 3741 1176 3793 ceterum
1210 3734 1352 3814 quid
1387 3738 1781 3814 requireretur
1803 3733 1914 3792 hoc
1946 3734 2078 3794 loco
2112 3736 2230 3793 iam
2258 3734 2456 3795 Olum-

294 3838 471 3897 perus
503 3818 740 3879 miscell.
777 3818 920 3898 phil.
956 3826 1017 3878 et
1047 3818 1217 3897 paed.
1252 3819 1320 3877 II
1350 3820 1469 3902 147
1507 3819 1898 3892 intellexerat,
1934 3838 2289 3898 quamquam
2323 3840 2459 3882 con·

293 3906 518 3964 iectura
552 3924 757 3981 parum
793 3904 952 3964 felici
985 3922 1142 3962 usus.

421 3988 647 4047 XXIX
682 3990 719 4048 8
755 3990 892 4047 haut
925 3990 1153 4046 idoneus
1179 3987 1464 4065 Silligius.
1536 3996 1636 4046 aut
1666 3989 1912 4064 ydoneus
1938 3988 2011 4048 V.
2066 4000 2165 4048 aut
2196 3991 2459 4049 Adoneus

295 4072 537 4147 Statius,
582 4093 702 4153 qua
744 4076 1079 4134 coniectura
1112 4073 1379 4152 Hauptio
1426 4093 1559 4132 cum
1599 4072 1895 4152 plerisque
1935 4075 2183 4152 probata
2216 4096 2460 4135 manum

293 4166 502 4237 poetae
543 4160 872 4218 restitutam
922 4177 1051 4218 esse
1099 4179 1421 4238 numquam
1459 4157 1815 4236 persuadere
1856 4158 2003 4218 mihi
2052 4162 2233 4238 potui.
2285 4160 2458 4238 conf.

295 4263 455 4302 nunc
487 4245 702 4303 Munro
735 4264 792 4322 p.
832 4245 910 4302 96
932 4263 977 4304 s.
1013 4250 1073 4304 et
1108 4244 1229 4303 109
1250 4263 1292 4303 s.
1321 4274 1408 4285 --
1444 4244 1523 4301 13
1563 4244 1823 4322 diffututa
1854 4244 2011 4306 Itali.
2082 4246 2349 4323 diffutura
2381 4246 2462 4305 V.

396 4339 592 4381 catanus
2078 4342 2123 4383 H
