3225 5171
758 428 915 471 ffivm
1630 426 2084 488 rnonneomma

753 551 916 618 eius,
962 545 1113 604 sicut
1155 550 1487 617 consuerat,
1540 546 1630 602 uti
1671 545 2103 623 perseveravit)
2175 566 2292 625 quo
2335 547 2400 604 in
2442 546 2571 605 loco
2616 545 2932 606 versiculos

757 632 838 691 de
881 631 1181 689 Mamurra
1232 628 1458 687 iambos
1512 632 1789 688 carminis
1832 631 2058 689 XXIX
2100 630 2529 708 intellegendos
2581 648 2705 690 esse
2757 650 2931 709 supra

754 716 1307 776 demonstravimus
1375 716 1497 771 iam
1541 734 1676 772 cum
1720 735 1767 773 c.
1804 715 2031 775 XXIX
2071 737 2228 775 anno
2267 712 2493 793 699l55
2539 724 2793 775 exeunte
2836 716 2930 774 vel

760 803 1004 862 ineunte
1039 818 1195 858 anno
1229 801 1497 877 proximo
1533 801 1901 878 conpositum
1946 803 2037 873 sit,
2082 801 2303 861 bellum
2338 808 2533 860 autem
2579 800 2753 858 civile
2788 799 2932 860 Cac-

754 889 908 946 saris
942 887 1112 943 initio
1156 886 1300 943 anni
1338 877 1563 962 705s49
1612 887 1912 958 exarserit,
1960 884 2262 944 Catullum
2305 888 2462 944 intra
2500 886 2615 944 hoc
2654 887 2931 964 temporis

750 973 1014 1051 spatium
1051 971 1387 1047 imperatori
1423 971 1566 1027 satis
1601 968 1811 1028 fecisse
1845 977 2087 1046 oportet.
2148 989 2403 1049 namque
2433 968 2763 1042 Caesarem,
2801 990 2930 1028 cum

758 1057 915 1115 hanc
967 1053 1428 1114 satisfactionem
1479 1055 1795 1132 acciperet,
1851 1054 2116 1113 nondum
2159 1054 2377 1114 desisse
2423 1055 2753 1115 Galliarum
2803 1074 2931 1134 pro-

751 1141 1061 1200 consulem
1106 1159 1231 1199 esse
1282 1140 1401 1197 iam
1455 1157 1651 1215 exeo
1706 1138 1962 1197 efficitur
2013 1139 2171 1218 quod
2215 1140 2529 1199 Suetonius
2582 1138 2748 1197 addit
2798 1159 2931 1199 eum

757 1228 942 1305 patris
980 1224 1203 1284 Catulli
1236 1223 1507 1302 hospiti0,
1555 1223 1707 1281 sicut
1750 1227 2165 1298 consuevisset,
2209 1227 2298 1282 uti
2340 1243 2758 1303 perseverasse.
2830 1223 2931 1284 sed

756 1311 917 1391 quod
959 1312 1259 1369 Brunerus
1303 1329 1359 1386 p.
1409 1309 1549 1379 642,
1598 1307 1942 1367 Schwabius
1984 1329 2041 1387 p.
2080 1310 2222 1382 237,
2267 1308 2671 1387 Westphalius
2711 1330 2769 1387 p.
2809 1311 2930 1367 214

753 1415 961 1455 omnes
998 1415 1115 1454 uno
1152 1412 1440 1453 consensu
1477 1400 1743 1451 statuunt
1775 1400 2014 1471 poetam
2048 1414 2204 1453 anno
2245 1392 2473 1469 700f54
2507 1397 2749 1453 ineunte
2786 1392 2930 1453 Cae-

750 1485 905 1540 saris
942 1483 1194 1557 gratiam
1231 1478 1347 1536 sibi
1381 1478 1806 1551 reconciliasse,
1841 1477 1907 1536 id
1940 1498 2047 1537 nos
2083 1479 2320 1558 quidem
2355 1478 2735 1538 falsissimum
2772 1477 2931 1539 duci-

750 1586 904 1638 muS,
943 1563 1040 1623 vel
1076 1566 1126 1623 si
1161 1584 1208 1622 c.
1237 1562 1464 1621 XXIX
1495 1564 1616 1620 iam
1652 1562 1760 1621 sub
1798 1561 1975 1622 finem
2011 1566 2155 1622 anni
2189 1563 2594 1643 praecedentis
2630 1562 2930 1623 conditum

744 1658 860 1709 est.
932 1651 1165 1721 etenim,
1218 1657 1285 1706 ut
1330 1667 1506 1726 supra
1547 1647 1820 1720 vidimus,
1875 1647 1982 1707 hos
2024 1649 2248 1708 iambos
2293 1652 2433 1708 satis
2477 1648 2663 1707 multa
2707 1648 2827 1707 alia
2866 1651 2931 1708 in

745 1734 1072 1795 Caesarem
1108 1741 1167 1792 et
1204 1732 1591 1792 Caesarianos
1629 1735 1892 1791 carmina
1927 1742 2125 1793 secuta
2160 1741 2313 1807 sunt,
2360 1754 2606 1813 quorum
2648 1733 2930 1812 pleraque

753 1840 877 1879 non
912 1827 1049 1879 ante
1085 1838 1309 1877 annum
1341 1813 1570 1894 700l54
1606 1821 1826 1895 scripta
1860 1837 1987 1877 esse
2022 1826 2124 1878 aut
2158 1826 2381 1878 certum
2417 1826 2519 1877 aut
2543 1822 2673 1877 veri
2708 1819 2930 1876 similli-

743 1926 913 1964 mum
957 1912 1060 1965 est.
1130 1924 1275 1962 num
1325 1922 1467 1963 vero
1508 1902 1633 1961 ullo
1676 1902 1847 1961 modo
1900 1911 1990 1962 est
2037 1903 2346 1982 probabile
2391 1903 2690 1963 Catullum
2735 1906 2932 1962 statim

753 1998 886 2071 post
937 1989 1219 2066 evulgata
1260 1990 1374 2047 ista
1415 1987 1697 2066 probrosa
1747 1990 2010 2046 carmina
2051 1991 2289 2048 veniam
2335 2008 2535 2048 eorum
2577 2009 2614 2046 a
2658 1987 2927 2062 Caesare,

742 2095 929 2155 aquem
965 2075 1081 2134 sibi
1125 2075 1299 2132 irasci
1333 2071 1496 2133 haud
1530 2075 1844 2150 ignoraret,
1889 2081 2089 2151 petere
2123 2093 2333 2133 ausum
2369 2073 2534 2134 esse?
2585 2077 2764 2133 immo
2801 2076 2931 2152 ipsa

751 2163 838 2220 rei
873 2170 1086 2219 natura
1122 2157 1331 2218 suadet
1363 2165 1430 2216 ut
1464 2158 1836 2237 aliquantum
1862 2161 2141 2237 temporis
2168 2161 2321 2217 inter
2353 2158 2465 2217 hoc
2493 2165 2551 2218 et
2577 2158 2729 2217 illud
2756 2161 2930 2218 inter-

748 2247 1007 2324 positum
1042 2243 1224 2303 fuisse
1259 2262 1575 2316 sumamus,
1623 2245 1796 2322 eique
1841 2246 2210 2303 coniecturae
2245 2243 2485 2304 aliunde
2520 2263 2755 2322 quoque
2790 2246 2929 2302 satis

746 2331 1107 2388 firmamenti
1142 2327 1383 2387 accedit.
1458 2327 1777 2386 Suetonius
1821 2329 1861 2387 1.
1899 2349 1965 2401 c.,
2012 2331 2355 2408 priusquam
2398 2328 2463 2387 id
2506 2328 2664 2407 quod
2708 2328 2785 2387 ad
2819 2329 2930 2388 Ca·

750 2415 964 2472 tullum
1002 2421 1226 2492 spectat
1258 2414 1576 2472 memoriae
1610 2412 1827 2490 prodit,
1863 2423 2066 2473 narrat
2098 2413 2306 2473 haece:
2356 2414 2537 2473 ‘Gaio
2577 2413 2763 2473 Calvo
2800 2421 2930 2493 post

750 2500 978 2558 famosa
1012 2500 1440 2577 epigrammata
1476 2496 1551 2555 de
1596 2497 2076 2558 reconciliatione
2118 2518 2225 2577 per
2268 2500 2487 2557 amicos
2533 2501 2737 2575 agenti
2777 2499 2927 2557 ultro

738 2606 821 2644 ac
864 2585 1026 2663 prior
1069 2584 1300 2662 scripsit
1335 2577 1643 2657 (Caesar).’
1716 2581 1927 2662 quodsi
1969 2592 2309 2663 reputamus
2354 2583 2653 2644 Catullum
2701 2592 2761 2644 et
2796 2582 2929 2643 Cal-

748 2690 891 2729 vum
927 2690 1156 2729 summa
1188 2668 1592 2727 familiaritate
1627 2670 1781 2726 inter
1816 2688 1879 2727 se
1914 2672 2256 2729 coniunctos
2292 2669 2475 2729 fuisse
2510 2688 2786 2748 armaque
2822 2689 2930 2727 sua

742 2764 956 2815 contra
988 2761 1258 2834 potentes
1293 2755 1357 2812 in
1391 2752 1697 2833 republica
1732 2756 2111 2827 consociasse,
2149 2775 2270 2813 non
2307 2754 2481 2813 facile
2518 2754 2764 2812 alterum
2802 2755 2929 2813 sine

738 2841 931 2901 altero
971 2839 1279 2899 consilium
1314 2837 1592 2917 placandi
1632 2837 1902 2897 Caesaris
1938 2841 2161 2917 cepisse
2206 2838 2635 2898 arbitrabimur.
2708 2837 2927 2899 Calvus

746 2934 945 2985 autem
992 2933 1146 2986 certe
1189 2945 1311 2983 non
1353 2931 1546 3003 potest
1588 2925 1930 3002 imperatori
1983 2926 2100 2981 iam
2146 2944 2197 2981 a.
2248 2917 2476 3002 7OOJ54
2520 2924 2929 2982 reconciliatus

737 3030 892 3084 esse,
932 3012 1152 3090 quippe
1188 3029 1303 3088 quo
1341 3008 1614 3067 omnibus
1651 3012 1851 3067 nervis
1887 3008 2255 3068 contenderit
2298 3017 2365 3066 ut
2397 3010 2723 3081 Vatinium,
2760 3010 2930 3066 mini-

738 3104 931 3154 strum
987 3093 1283 3166 Caesaris»,
1338 3093 1633 3172 perderet,
1698 3112 1949 3172 eumque
2001 3112 2202 3153 mense
2254 3091 2542 3166 Quinctili
2596 3092 2930 3152 absolutum

742 3180 946 3239 denuo
983 3182 1046 3237 in
1082 3178 1367 3237 iudicium
1401 3179 1722 3237 vocaverit.
1785 3178 1944 3256 quod
1980 3178 2216 3257 quidem
2253 3178 2512 3237 studium
2540 3177 2828 3252 Catullus,
2865 3186 2931 3236 ut

749 3284 928 3343 supra
963 3263 1237 3335 vidimuS,
1276 3264 1361 3320 ita
1395 3261 1671 3339 probavit
1702 3270 1769 3321 ut
1812 3261 2162 3323 familiarem
2199 3282 2366 3322 suum
2413 3272 2652 3342 propter
2685 3264 2930 3322 mirifice

744 3348 1046 3427 explicata
1091 3348 1340 3406 crimina
1374 3346 1703 3407 Vatiniana
1746 3347 2073 3420 extolleret,
2121 3347 2464 3407 Ciceronem
2508 3356 2703 3406 autem
2745 3350 2831 3407 rei
2867 3350 2930 3406 in

742 3435 1002 3511 gratiam
1040 3431 1311 3491 Caesaris
1349 3431 1716 3490 defensorem
1752 3431 2081 3491 lacesseret.
2142 3433 2289 3491 haec
2324 3441 2639 3510 utrumque
2674 3434 2931 3493 amicum

748 3539 905 3577 anno
943 3536 1115 3598 quem
1162 3516 1421 3575 diximus
1457 3536 1494 3574 a
1529 3516 1790 3575 consiliis
1832 3519 1997 3594 pacis
2041 3517 2220 3594 longe
2263 3516 2481 3577 afuisse
2526 3517 2754 3576 docent.
2825 3520 2931 3577 vix

747 3612 945 3663 autem
997 3609 1192 3681 potest
1244 3600 1506 3659 dubitari
1556 3603 1705 3679 quin
1757 3600 2029 3661 Catullus
2082 3604 2144 3659 in
2193 3602 2393 3662 Gallia
2446 3602 2749 3680 cisalpina,
2805 3604 2932 3661 sive

745 3690 1021 3749 Veronae
1064 3690 1207 3760 sive,
1263 3685 1424 3766 quod
1466 3686 1776 3759 malumuS,
1833 3688 1896 3744 in
1955 3686 2073 3745 alio
2126 3687 2326 3766 aliquo
2372 3686 2549 3745 huius
2590 3688 2932 3765 provinciae

735 3774 985 3853 2oppido,
1024 3772 1267 3832 Caesari
1297 3773 1438 3831 satis
1466 3770 1688 3830 fecerit.
1743 3791 1953 3850 parum
1979 3773 2137 3830 enim
2166 3771 2450 3831 credibile
2476 3779 2566 3831 est
2599 3780 2833 3849 poetam
2867 3775 2933 3830 in

741 3859 1010 3920 Galliam
1036 3857 1462 3935 transalpinam
1492 3875 1621 3915 sese
1648 3856 1965 3915 contulisse
1984 3875 2178 3936 neque
2204 3858 2511 3916 occasione
2530 3856 2677 3914 citra
2701 3865 2931 3916 montes

736 3964 884 4003 cum
922 3942 1176 4002 Caesare
1211 3940 1650 4018 congrediendi,
1690 3960 1841 4020 quae
1877 3940 1999 4001 fere
2034 3944 2353 4020 quotannis
2387 3949 2647 4019 tempore
2682 3940 2930 4001 hiberno

733 4048 811 4087 se
863 4027 1071 4086 offerre
1124 4025 1376 4097 solebat,
1429 4046 1602 4085 usum
1656 4044 1798 4085 esse.
1867 4027 1987 4084 iam
2039 4046 2174 4084 cum
2216 4025 2531 4086 Caesarem
2580 4046 2631 4084 a.
2681 4023 2931 4104 701s53,

732 4114 889 4192 quia
931 4114 1211 4172 maiorem
1258 4109 1495 4170 Galliae
1538 4118 1763 4170 motum
1809 4118 2161 4189 expectaret,
2206 4119 2368 4169 trans
2412 4109 2600 4188 Alpes
2641 4110 2933 4170 hiemasse

734 4200 1000 4258 sciamus
1046 4195 1126 4274 (v.
1170 4194 1308 4257 bell.
1356 4194 1514 4255 Gall.
1560 4195 1654 4256 VI
1701 4193 1782 4271 1),
1837 4195 1916 4255 ad
1966 4197 2184 4274 primos
2235 4214 2467 4256 menses
2522 4197 2665 4254 anni
2703 4194 2931 4275 702552
