3225 5171
1218 416 1673 459 PROLEGOMENA
2432 417 2537 460 XCI

347 536 617 593 t'minores
670 533 1047 592 difficultates
1091 554 1128 591 a
1178 534 1369 592 forma
1421 537 1679 612 corporis
1733 537 2059 593 carminum
2112 537 2387 595 universa
2429 557 2535 595 na-

353 627 620 678 scuntur.
692 621 948 698 primum
993 620 1152 678 enim
1196 619 1634 698 aequabilitatis
1678 622 1896 679 rationi
1940 619 2017 678 ab
2052 622 2310 699 antiquis
2345 624 2533 699 poetis

350 705 708 763 observatae
740 711 1034 782 repugnat
1069 723 1278 782 corpus
1315 723 1390 762 ex
1425 714 1547 762 tam
1583 704 1915 782 disparibus
1959 705 2235 764 membris
2269 709 2535 785 conposi-

344 797 505 861 ·tum,
561 789 736 869 quale
787 796 876 848 est
927 791 1254 847 carminum
1301 788 1787 862 Catullianorum,
1843 788 2003 868 quod
2055 791 2211 848 inter
2252 810 2535 866 magnum

348 894 672 934 *numerum
716 876 1141 952 poematiorum
1184 873 1503 953 lyricorum
1547 877 2152 954 epigrammatumque
2196 877 2375 933 etiam
2407 875 2534 935 lon-

350 961 556 1035 giores
591 959 814 1036 elegias
858 967 916 1018 et
959 959 1316 1037 hymenaeos
1361 967 1538 1038 atque
1581 958 1728 1018 adeo
1779 959 2044 1037 epyllion
2085 960 2220 1038 plus
2258 959 2535 1039 quadrin-

349 1053 676 1120 gentorum
719 1062 998 1104 versuum
1044 1044 1444 1124 conplectitur.
1518 1043 1733 1103 deinde
1777 1045 2034 1103 ambitus
2088 1044 2350 1104 eiusdem
2393 1045 2534 1105 libri

358 1129 545 1189 multo
590 1131 778 1189 maior
824 1139 911 1188 est
954 1129 1142 1201 solit0,
1199 1149 1315 1209 qua
1371 1128 1444 1189 de
1485 1149 1549 1188 re
1591 1138 1793 1189 nostra
1839 1137 2045 1200 aetate,
2100 1137 2413 1209 postquam
2459 1130 2533 1191 de

348 1214 529 1274 libris
580 1222 847 1274 veterum
901 1234 1218 1294 eorumque
1279 1235 1413 1273 cum
1464 1214 1675 1274 litteris
1728 1213 1973 1274 Graecis
2031 1214 2381 1294 Latinisque
2433 1236 2533 1275 ne-

345 1299 720 1359 cessitudine
755 1302 1118 1358 accuratiora
1160 1298 1354 1358 edocti
1387 1319 1604 1372 sumuS,
1646 1299 2038 1358 confidentius
2073 1299 2337 1359 iudicare
2372 1300 2528 1361 licet.

357 1388 634 1443 novimus
671 1385 829 1444 enim
865 1385 1005 1443 inde
1041 1404 1117 1443 ex
1143 1383 1686 1443 Alexandrinorum
1719 1385 2080 1462 temporibus
2107 1387 2274 1443 varia
2309 1405 2532 1462 genera

345 1468 646 1529 -librorum
700 1490 834 1529 suos
886 1469 1162 1529 habuisse
1214 1469 1499 1543 modulos,
1552 1470 1940 1549 brevioraque
1990 1477 2298 1547 poetarum
2350 1471 2534 1531 fuisse

344 1554 669 1614 -volumina
712 1575 892 1635 quam
934 1559 1282 1633 scriptorum
1324 1573 1534 1633 prosae
1569 1557 1867 1614 orationis,
1940 1561 2117 1633 atque
2151 1554 2258 1613 illa
2294 1555 2534 1634 quidem

350 1659 493 1698 -raro
529 1640 783 1718 amplius
819 1640 1054 1717 singula
1089 1639 1278 1698 millia
1311 1659 1590 1699 versuum
1627 1639 2201 1719 conprehendebant,
2236 1640 2534 1719 longeque

344 1723 617 1802 -plurima
668 1727 1148 1803 septingenorum
1201 1733 1260 1785 et
1309 1745 1718 1802 nongenorum
1770 1726 2038 1784 terminis
2093 1726 2535 1804 circumscripta

356 1818 547 1867 erant.
618 1809 769 1868 conf.
805 1810 1027 1869 Birtius
1062 1810 1100 1867 l.
1136 1809 1176 1868 1.
1220 1831 1277 1889 p.
1317 1811 1436 1869 289
1470 1830 1542 1870 ss.
1618 1817 1822 1869 contra
1857 1813 1961 1887 qui
2008 1808 2085 1867 ad
2118 1830 2225 1868 nos
2259 1815 2534 1888 pervenit

343 1904 572 1972 -poetae
605 1894 963 1955 Veronensis
997 1896 1149 1954 liber
1184 1894 1300 1954 duo
1326 1895 1517 1954 millia
1546 1894 1829 1954 ducentos
1861 1897 2163 1969 octoginta
2199 1913 2304 1952 sex
2329 1915 2531 1955 versus

345 1981 639 2053 ·continet-,
696 1998 887 2059 neque
931 1983 982 2039 is
1034 1999 1312 2039 numerus
1355 1983 1666 2059 pristinam
1710 1998 1989 2037 versuum
2035 1998 2321 2036 summam
2367 1979 2532 2039 adse-

343 2066 576 2142 quitur,
616 2065 853 2144 quando
889 2064 1001 2124 hoc
1031 2085 1241 2143 corpus
1274 2085 1398 2123 non
1431 2084 1668 2142 prorsus
1694 2067 1993 2140 integrum
2028 2063 2200 2122 nobis
2235 2072 2532 2123 servatum

342 2156 464 2208 cst.
533 2169 673 2208 nam
718 2153 984 2209 carmina
1016 2151 1085 2208 ΙΙ
1109 2155 1138 2182 ²
1181 2156 1240 2208 et
1271 2149 1429 2208 XIV
1454 2155 1483 2182 ²
1526 2157 1583 2208 et
1626 2148 1775 2208 LIV
1809 2151 2072 2223 graviter
2116 2155 2389 2207 truncata
2432 2169 2532 2208 ex—

346 2241 503 2308 -tant,
548 2255 659 2294 nec
703 2234 916 2293 desunt
959 2233 1077 2292 alia
1121 2252 1273 2312 quae
1324 2233 1691 2310 singulorum
1734 2241 1837 2292 aut
1872 2235 2049 2291 etiam
2102 2232 2360 2311 plurium
2402 2254 2532 2294 ver-

340 2339 531 2378 ·suum
564 2321 852 2377 iacturam
886 2317 1170 2391 fecerunt,
1216 2339 1337 2377 non
1382 2318 1665 2398 nullaque
1705 2325 1935 2378 veteres
1981 2317 2256 2377 adferunt
2300 2339 2337 2377 a
2378 2319 2529 2379 libro

338 2402 700 2462 -Catulliano
736 2423 896 2462 nunc
928 2403 1169 2482 quidem
1205 2407 1442 2463 omnino
1479 2403 1692 2477 aliena,
1736 2403 2121 2482 probabiliter
2155 2411 2352 2462 autem
2387 2404 2529 2463 olim

340 2491 422 2548 -in
467 2507 536 2547 eo
579 2488 748 2562 lecta,
793 2490 949 2547 inter
991 2507 1142 2568 quae
1185 2489 1345 2569 quod
1388 2509 1425 2547 a
1457 2489 1657 2548 Plinio
1694 2495 2051 2548 memoratur
2084 2494 2296 2567 poema:
2326 2493 2530 2549 incan-

339 2581 622 2636 .tamenta
655 2576 980 2633 amantium
1014 2576 1342 2635 imitatione
1386 2577 1723 2654 exprimens
1760 2570 1994 2652 (fragm.
2030 2570 2147 2648 IV)
2183 2595 2303 2634 non
2336 2582 2530 2653 potest

355 2680 475 2718 non
513 2678 546 2718 e
577 2658 943 2735 longioribus
988 2660 1186 2720 fuisse.
1257 2660 1466 2741 quodsi
1502 2660 1774 2722 Catullus
1807 2660 1955 2720 haec
1992 2661 2206 2731 omnia,
2247 2667 2314 2718 ut
2346 2661 2528 2737 vulgo

340 2743 627 2818 creditur,
655 2766 774 2804 uno
801 2745 1102 2805 volumine
1130 2746 1450 2824 conplexus
1477 2754 1645 2818 esset,
1673 2746 1890 2804 librum
1908 2743 2266 2803 condidisset
2298 2748 2528 2805 usitatis

356 2830 533 2909 triplo
589 2832 819 2889 circiter
869 2834 1150 2890 maiorem
1203 2840 1263 2891 et
1308 2835 1409 2912 qui
1452 2831 1758 2890 volumina
1798 2848 2010 2909 prosae
2062 2830 2342 2888 orationis
2394 2850 2530 2889 con-

352 2918 608 2974 tinentia
651 2934 842 2994 neque
887 2934 959 2974 ea
998 2937 1209 2994 parum
1254 2916 1453 2995 ampla
1486 2914 1898 2992 magnitudine
1933 2913 2305 2993 adaequaret.
2374 2918 2529 2974 tanti

351 3018 496 3058 vero
542 2999 796 3058 ambitus
842 2998 1058 3059 librum
1104 3002 1282 3059 etiam
1327 3005 1378 3061 si
1422 3010 1654 3079 praeter
1697 3019 1920 3059 morem
1955 3006 2015 3058 et
2049 3017 2191 3058 suae
2225 3002 2432 3058 aetatis
2469 3008 2528 3059 et

356 3081 723 3143 saeculorum
764 3088 1037 3161 proxime
1079 3085 1556 3145 antecedentium
1593 3083 1769 3144 edere
1811 3086 2160 3143 instituisset
2193 3092 2384 3163 poeta,
2420 3088 2529 3143 vix

356 3188 492 3227 eum
535 3170 726 3246 potuit
769 3168 1007 3227 libelli
1050 3173 1291 3230 nomine
1334 3178 1554 3243 notare,
1609 3190 1724 3249 quo
1769 3170 1861 3229 bis
1913 3173 1979 3228 in
2031 3172 2221 3248 primo
2265 3173 2526 3231 carmine

354 3273 496 3312 usus
534 3260 636 3324 est,
682 3272 861 3332 quam
906 3253 1143 3331 quidem
1187 3253 1646 3334 adpellationem
1681 3275 1718 3313 a
1750 3254 2053 3314 volumine
2095 3253 2370 3314 insolitae
2404 3277 2527 3315 ma-

350 3336 686 3414 gnitudinis
732 3337 1142 3397 abhorrentem
1185 3359 1295 3399 nec
1329 3340 1591 3400 modesto
1634 3343 1879 3399 istorum
1922 3338 2343 3398 versiculorum
2381 3361 2524 3402 sono

355 3442 466 3483 nec
501 3423 1002 3483 deminutivorum
1027 3442 1223 3482 amore
1250 3423 1472 3484 Catulli
1506 3433 1643 3504 apte
1678 3424 2022 3483 defenderes
2057 3432 2162 3482 aut
2195 3443 2523 3485 excusares·

337 3516 616 3567 *ceterum
651 3527 721 3567 ea
754 3526 901 3566 voce
934 3512 1249 3586 praecipue
1290 3518 1694 3587 poematorum
1738 3510 1877 3568 libri
1913 3510 1986 3568 ob
2031 3507 2096 3566 id
2136 3512 2330 3586 ipsum
2367 3509 2525 3588 quod

354 3596 584 3653 minore
612 3592 848 3652 modulo
879 3592 1344 3652 conficiebantur
1380 3594 1678 3671 designari
1712 3594 1996 3664 solebant,
2033 3593 2525 3671 quemadmodum

341 3681 485 3755 *ipse
523 3677 793 3737 Catullus
835 3680 903 3735 in
949 3698 995 3736 c.
1032 3678 1186 3738 XIV
1226 3681 1305 3738 12
1350 3682 1711 3738 coniunctim
1748 3678 1907 3738 edita
1950 3679 2238 3735 malorum
2272 3698 2526 3756 quorun-

359 3762 494 3821 dam
537 3772 844 3843 poetarum
882 3763 1167 3842 opuscula
1209 3762 1622 3824 Saturnalibus
1667 3784 1704 3822 a
1739 3762 1926 3822 Calvo
1970 3762 2085 3821 sibi
2130 3760 2283 3820 dono
2329 3764 2521 3838 missa,

339 3850 395 3905 ⁴i.
432 3867 480 3907 e.
518 3849 921 3925 anthologiam
956 3847 1253 3928 quandam
1288 3853 1615 3907 carminum
1650 3849 2018 3919 Latinorum,
2065 3845 2431 3907 ‘horribilem
2468 3857 2527 3909 et

334 3953 589 3992 *sacrum
626 3933 920 3993 libellum’
957 3936 1208 3992 vocavit.
1263 3934 1436 4012 plura
1463 3937 1588 3993 eius
1618 3953 1757 3992 usus
1783 3931 2055 4011 exempla
2080 3931 2278 3990 attulit
2302 3934 2525 3994 Birtius

355 4038 413 4095 p.
452 4020 531 4075 22
555 4038 597 4077 s.
672 4018 939 4078 libellum
976 4026 1171 4078 autem
1204 4019 1428 4098 Nepoti
1461 4018 1723 4078 dicatum
1756 4020 1987 4076 usitatis
2022 4024 2327 4097 poetarum
2361 4019 2526 4077 volu-

355 4103 617 4161 minibus
652 4124 774 4162 non
808 4107 1090 4163 maiorem
1125 4103 1307 4164 fuisse
1343 4103 1482 4163 inde
1517 4123 1751 4184 quoque
1787 4104 2041 4163 efficitur
2066 4102 2226 4181 quod
2254 4103 2523 4163 Catullus

334 4205 493 4248 eum
539 4186 852 4267 ‘lepidum’
901 4188 1069 4264 dixit,
1115 4209 1294 4268 quam
1335 4209 1544 4250 vocem
1587 4189 1738 4249 falso
1783 4209 1903 4248 non
1947 4189 2099 4248 nulli
2134 4194 2193 4247 et
2233 4190 2388 4248 inter
2422 4209 2523 4249 eos
