3225 5171
1185 480 1382 523 PROLE
1387 481 1642 525 somma
2356 482 2508 530 XXXI
2519 498 2524 529 j

327 605 398 658 ιιι
431 597 509 657 ad
545 596 847 658 Catullum
890 606 1168 672 revertar,
1213 602 1282 673 is,
1327 620 1462 659 cum
1502 621 1647 660 mox
1678 600 1919 660 Verona
1950 602 2198 661 Romam
2238 600 2508 671 redisset,

328 686 421 743 ira
454 684 635 743 semel
668 685 1064 744 inflammatus
1089 685 1317 745 iambos
1342 685 1887 745 vehementissimos
1916 693 2118 746 contra
2143 688 2508 746 Mamurram

332 777 510 847 atque
545 787 646 828 eos
678 770 938 829 vibravit
971 789 1223 849 quorum
1257 790 1436 849 opera
1470 770 1640 829 illum
1675 778 1797 829 tam
1831 770 2144 830 immodice
2186 771 2505 850 locupleta-

328 861 456 913 tum
491 872 619 914 esse
664 863 936 928 noverat,
984 856 1211 916 iambos
1256 855 1387 914 dico
1432 858 1709 915 carminis
1740 855 1966 914 XXIX
2008 856 2395 930 celeberrimi,
2441 859 2507 916 in

330 960 446 1019 quo
478 938 791 1000 Caesarem
827 948 887 1001 et
910 942 1261 1020 Pompeium
1294 943 1447 999 tanti
1478 940 1771 1000 helluonis
1805 942 1999 1018 gratia
2034 949 2265 1001 exteras
2301 950 2512 1017 gentes

331 1024 690 1104 expilavisse
723 1034 901 1105 atque
927 1026 1127 1085 omnia
1159 1025 1483 1103 perdidisse
1511 1028 1871 1085 criminatur.
1924 1025 2000 1085 de
2026 1028 2193 1085 cuius
2220 1028 2511 1105 poematis

329 1116 593 1188 tempore
629 1118 899 1169 accurate
932 1110 1346 1188 investigando
1380 1111 1534 1170 bene
1570 1111 1814 1170 meritus
1850 1118 1938 1170 est
1969 1111 2271 1189 Hauptius
2307 1131 2509 1190 opusc.

330 1194 380 1266 Ι,
417 1215 473 1273 p.
514 1196 595 1252 12
623 1215 698 1254 ss.
735 1197 921 1271 igitur
954 1197 1198 1274 scriptos
1234 1214 1360 1255 esse
1394 1195 1501 1254 hos
1528 1196 1756 1254 iambos
1782 1204 1920 1254 ante
1947 1203 2210 1275 apertam
2238 1195 2513 1256 Caesaris

333 1287 392 1338 et
423 1279 695 1358 Pompeii
730 1281 1088 1340 simultatem
1121 1300 1177 1338 v.
1208 1281 1284 1337 21
1326 1279 1512 1353 docet,
1549 1283 1615 1339 in
1649 1300 1767 1360 quo
1802 1281 1977 1341 ambo
2011 1280 2217 1340 fovere
2248 1283 2509 1341 Mamur-

331 1384 459 1423 ram
494 1363 785 1424 dicuntur.
840 1364 1054 1425 deinde
1087 1364 1246 1444 quod
1279 1365 1370 1424 illi
1403 1367 1468 1424 in
1501 1385 1679 1425 versu
1714 1375 1975 1426 extremo
2011 1385 2176 1425 socer
2208 1385 2513 1446 generque

334 1448 725 1528 adpellantur,
764 1458 855 1510 'ex
897 1469 966 1509 eo
1011 1450 1213 1526 colligi
1262 1458 1455 1529 potest
1505 1452 1875 1530 conpositum
1918 1469 2046 1511 esse
2090 1470 2328 1512 carmen
2370 1460 2512 1511 ante

333 1542 579 1594 mortem
613 1535 822 1607 Iuliae,
871 1553 1023 1615 quae
1066 1554 1267 1596 mense
1302 1534 1638 1614 Septembri
1681 1538 1827 1595 anni
1864 1531 2094 1613 700l54
2138 1536 2314 1596 obiit:
2369 1558 2510 1599 nam

333 1619 437 1679 ubi
473 1618 695 1679 Caesar
728 1621 836 1680 sub
873 1622 1313 1699 aequinoctium
1347 1620 1690 1681 autumnale
1726 1620 1993 1681 eiusdem
2026 1623 2172 1680 anni
2205 1640 2281 1681 ex
2323 1622 2516 1682 altera·

334 1704 713 1783 expeditione
746 1707 1094 1764 Britannica
1126 1707 1192 1765 in
1228 1706 1488 1766 Galliam
1527 1706 1731 1779 rediit,
1776 1705 2010 1767 adlatus
2044 1709 2101 1766 ei
2135 1714 2225 1766 est
2264 1709 2516 1766 nuntius

334 1809 607 1867 egressae
641 1809 717 1850 ex
748 1793 876 1850 vita
911 1791 1070 1850 filiae
1115 1789 1295 1868 (conf.
1330 1791 1633 1851 Plutarch.
1671 1790 1840 1852 Caes.
1879 1792 1958 1850 23
1997 1812 2131 1851 cum
2167 1791 2336 1852 Caes.
2372 1792 2512 1853 bell.

335 1873 494 1935 Gall.
527 1877 588 1936 V
606 1873 745 1951 123).
815 1875 974 1936 uude
1017 1876 1274 1937 efficitur
1315 1884 1383 1935 ut
1426 1897 1482 1936 v.
1523 1880 1598 1934 11
1630 1896 1693 1948 s.,
1737 1876 1844 1935 ubi
1879 1876 2194 1936 Caesarem
2236 1876 2513 1954 indigua-

332 1959 570 2019 bundus
604 1969 779 2039 poeta
811 1963 1153 2038 interrogat,
1190 1961 1404 2022 ideone
1436 1965 1502 2022 in
1526 1961 1736 2020 ultima
1762 1960 2084 2021 occidentis
2109 1960 2287 2021 fuerit
2314 1962 2514 2020 insula

335 2053 402 2104 ut
434 2046 738 2105 Mamurra
770 2055 935 2106 tanto
980 2047 1114 2125 plus
1158 2066 1264 2126 per
1304 2046 1515 2104 luxum
1561 2045 1848 2124 dissipare
1890 2053 2104 2122 posset,
2149 2048 2309 2124 prior
2350 2046 2517 2106 illius

332 2132 399 2190 in
441 2132 814 2190 Britanniam
860 2131 1158 2209 expeditio
1204 2138 1468 2191 extrema
1511 2138 1735 2190 aestate
1778 2132 1924 2189 anni
1968 2125 2196 2207 699s55
2242 2139 2515 2210 suscepta

216 2290 225 2299 .
332 2211 512 2290 (conf.
551 2215 719 2278 Caes.
755 2216 891 2275 bell.
921 2215 1078 2276 Gall.
1114 2216 1207 2276 IV
1243 2217 1325 2273 20
1360 2225 1417 2274 et
1453 2212 1560 2291 36)
1596 2213 2002 2292 intellegenda
2037 2217 2128 2275 sit.
2190 2233 2344 2295 quae
2379 2236 2513 2275 cum

331 2304 417 2360 ita
469 2303 612 2374 sint,
675 2321 781 2380 pro
834 2309 992 2359 certo
1043 2307 1238 2377 potest
1284 2299 1492 2361 haberi
1541 2300 1651 2359 sub
1706 2301 1930 2362 exitum
1991 2300 2166 2360 huius
2219 2302 2367 2359 anni
2415 2301 2515 2362 vel

328 2389 601 2465 proximo
636 2387 883 2444 ineunte
917 2405 964 2443 c.
999 2384 1226 2444 XXIX
1260 2387 1541 2464 scriptum
1576 2404 1721 2458 esse,
1757 2387 2186 2464 perspicueque
2221 2385 2512 2458 Catullus,

333 2491 469 2530 cum
494 2491 551 2528 v.
582 2471 617 2528 6
639 2490 682 2529 s.
712 2471 1075 2528 Mamurram
1100 2472 1400 2530 immensis
1427 2470 1637 2549 opibus
1665 2472 1788 2530 suis
1813 2470 2071 2531 ferocem
2092 2473 2215 2530 iam
2248 2473 2513 2530 omnium

328 2556 686 2616 feminarum
730 2555 950 2615 cubilia
990 2555 1536 2636 perambulaturum
1578 2574 1707 2617 esse
1749 2555 2066 2636 praedicit,
2119 2554 2197 2616 ad
2241 2574 2315 2617 ea
2357 2575 2515 2637 quae

328 2643 458 2721 ipse
493 2660 683 2720 nuper
714 2644 780 2700 in
807 2641 1009 2701 Gallia
1041 2643 1308 2702 citeriore
1342 2651 1622 2720 expertus
1658 2649 1784 2701 erat
1814 2644 2070 2722 respicit.
2123 2661 2319 2721 neque
2353 2644 2511 2703 enim

329 2728 382 2786 is
436 2734 562 2785 erat
621 2734 798 2805 poeta
849 2729 951 2805 qui
1012 2729 1163 2786 iram
1221 2728 1404 2786 semel
1462 2735 1809 2806 conceptam
1868 2727 2047 2786 facile
2105 2729 2513 2806 supprimeret,

331 2814 673 2891 spirantque
706 2812 771 2870 hi
813 2812 996 2871 iambi
1038 2812 1352 2873 manifesto
1396 2831 1604 2872 recens
1649 2812 1866 2872 odium.
1954 2812 2182 2871 Romae
2224 2830 2366 2871 vero
2410 2831 2515 2872 eos

330 2896 663 2977 publicatos
716 2916 867 2970 esse,
919 2917 1042 2956 non
1085 2899 1384 2970 Veronae,
1440 2914 1594 2976 quae
1648 2905 1738 2956 est
1785 2896 2144 2975 Westphalii
2193 2917 2249 2975 p.
2303 2896 2427 2954 268
2464 2916 2512 2959 e.

332 2984 558 3059 opinio,
613 2981 901 3059 conplura
944 2991 1082 3041 sunt
1124 3001 1277 3061 quae
1328 2983 1596 3060 probent.
1668 2983 1926 3059 primum
1977 2983 2137 3040 enim
2187 2983 2295 3040 vix
2349 2980 2510 3040 credi

332 3073 525 3143 potest
560 3064 828 3125 Catullus
863 3069 1277 3145 imperatorem
1312 3068 1376 3124 in
1410 3067 1543 3144 ipsa
1577 3068 1704 3125 eius
1747 3068 2057 3146 provincia
2089 3074 2213 3124 tam
2249 3069 2514 3143 graviter

329 3152 640 3227 increpare
681 3170 858 3209 ausus
902 3170 1045 3225 esse,
1097 3170 1292 3230 neque
1332 3150 1398 3209 id
1441 3153 1645 3229 patris,
1700 3154 1796 3211 cui
1850 3150 2330 3212 consuetudinem
2375 3171 2511 3210 cum

332 3233 590 3295 Caesare
633 3236 1027 3296 intercessisse
1070 3238 1302 3308 scimuS,
1357 3235 1549 3314 pudor
1591 3239 1929 3315 permisisse
1971 3235 2223 3296 videtur.
2296 3235 2514 3296 deinde

327 3320 451 3379 tale
485 3338 723 3379 carmen
764 3319 947 3379 multo
993 3324 1188 3400 aptius
1221 3320 1483 3401 profecto
1530 3321 1609 3380 ad
1650 3324 2014 3401 propositum
2050 3329 2176 3382 erat
2206 3323 2274 3380 in
2317 3323 2512 3400 capite

332 3404 491 3465 orbis
533 3412 822 3465 terrarum
865 3424 1043 3483 quam
1086 3408 1152 3465 in
1195 3408 1515 3486 municipio
1559 3410 1840 3481 emittere,
1894 3425 2088 3487 neque
2129 3405 2377 3466 dubium
2420 3415 2511 3466 est

331 3493 478 3570 qu'in
526 3497 705 3569 poeta
744 3490 940 3549 verbis
987 3489 1257 3550 ‘cinaede
1299 3492 1575 3552 Romule’
1624 3487 1706 3566 (v.
1745 3492 1781 3550 5
1822 3499 1881 3551 et
1918 3492 2007 3570 9),
2056 3490 2120 3551 id
2163 3490 2322 3571 quod
2366 3490 2511 3552 Otto

329 3575 580 3635 Iahnius
615 3575 912 3634 intellexit
944 3575 1204 3635 Hermae
1237 3577 1323 3649 II,
1363 3598 1420 3656 p.
1459 3577 1586 3635 240
1612 3597 1677 3649 s.,
1721 3596 1760 3635 a
1794 3580 1959 3636 cuius
2001 3576 2233 3656 reliqua
2267 3576 2507 3655 quidem

333 3660 733 3740 disputatione
766 3660 945 3739 plane
981 3659 1279 3733 dissentio,
1317 3683 1439 3722 non
1468 3661 1801 3734 Caesarem,
1837 3668 1904 3720 ιιι
1927 3661 2109 3737 vulgo
2136 3667 2367 3740 putant,
2404 3660 2508 3720 sed

331 3745 615 3823 populum
648 3747 984 3805 Romanum
1019 3746 1460 3826 conpellaverit.
1530 3748 1636 3825 qui
1670 3747 1828 3805 enim
1865 3745 2134 3805 Catullus
2172 3764 2307 3804 eum
2343 3748 2511 3805 cuius

333 3830 618 3890 beneficio
661 3830 920 3891 habebat
952 3830 1258 3891 Mamurra
1300 3832 1539 3891 divitias
1576 3830 1812 3891 Galliae
1856 3838 1915 3891 et
1954 3832 2318 3904 Britanniae,
2365 3850 2510 3891 num

319 3915 445 3975 hoc
494 3917 730 3975 visurus
783 3923 842 3975 et
892 3916 1118 3975 laturus
1170 3924 1324 3976 esset
1373 3919 1738 3994 interrogare
1795 3914 2025 3995 potuit?
2102 3917 2280 3975 immo
2331 3934 2507 3976 versu

318 3999 571 4061 ,demum
608 4003 683 4059 11
731 4000 810 4060 ad
855 3999 1172 4061 Caesarem
1216 4005 1577 4062 convertitur
1620 4003 1806 4060 oratio
1819 4046 1836 4074 ,
1878 4001 2357 4080 ineptissimeque
2398 4004 2507 4060 im-

330 4093 566 4164 perator
620 4089 833 4145 unicus
885 4086 1283 4165 adpellaretur
1333 4085 1539 4160 (etiam
1598 4089 1651 4146 si
1700 4086 1766 4145 id
1822 4090 2050 4147 ironice
2098 4085 2320 4146 dictum
2380 4105 2510 4146 esse

329 4170 577 4248 statuas)
613 4174 716 4251 qui
749 4170 923 4231 modo
960 4170 1243 4231 cinaedus
1268 4172 1573 4232 Romulus.
1630 4190 1822 4250 neque
1856 4180 2049 4251 potest
2082 4171 2195 4231 hoc
2228 4172 2357 4231 loco
2385 4192 2505 4229 vox

313 4274 485 4335 quae
527 4263 616 4316 est
658 4258 920 4315 cinaedus
970 4258 1268 4336 propriam
1320 4277 1486 4317 suam
1536 4257 2033 4334 significationem
2074 4256 2311 4332 habere,
2364 4275 2509 4338 quo—
