3225 5171
1295 443 1528 497 LIBER

558 564 845 631 meientis
881 564 1091 630 mulae
1128 587 1371 629 cunnus
1407 564 1643 630 habere
1680 564 1856 629 solet.

475 659 579 724 hic
613 659 809 724 futuit
840 659 1071 722 multas
1109 669 1173 723 et
1206 682 1274 724 se
1310 651 1464 723 facit
1499 681 1639 723 esse
1677 668 2037 735 venustum,

563 763 625 818 et
661 774 788 817 non
824 751 1086 839 pistrino
1123 752 1388 817 traditur
1423 757 1637 835 atque
1648 752 1862 816 asino?

477 868 668 931 quem
706 846 888 931 siqua
924 846 1195 930 attingit,
1229 868 1357 910 non
1391 846 1566 911 illam
1601 868 1787 930 posse
1821 857 2118 932 putemus

563 939 804 1025 aegroti
840 960 876 1004 c
1088 938 1328 1025 lingere
1366 938 1713 1005 carnificis?

1247 1375 1577 1445 XCVIII.

810 1449 835 1487 ἱ

363 1531 373 1539 ·
479 1499 557 1563 In
593 1507 676 1576 te,
712 1498 765 1563 si
800 1498 865 1563 in
900 1489 1308 1581 quemquami
1346 1497 1471 1562 dici
1506 1508 1675 1583 pote,
1710 1496 1928 1583 putide
1962 1498 2161 1576 Vetti,

563 1592 630 1656 id
665 1592 835 1676 quod
872 1591 1154 1657 verbosis
1192 1591 1420 1656 dicitur
1455 1601 1520 1656 et
1553 1591 1774 1656 fatuis:

479 1685 602 1751 ista
637 1708 784 1750 cum
817 1685 1056 1771 lingua,
1092 1686 1144 1749 si
1181 1708 1334 1749 usus
1370 1685 1585 1750 veniat
1618 1685 1754 1762 tibi,
1790 1685 1997 1771 possis

565 1779 741 1845 culos
778 1789 842 1845 et
875 1778 1160 1865 crepidas
1195 1779 1435 1863 lingere
1470 1778 1846 1865 carpatinas.

483 1872 537 1937 si
571 1894 688 1937 nos
725 1871 980 1936 omnino
1018 1872 1112 1936 vis
1148 1893 1366 1937 omnes
1401 1873 1686 1958 perdere,
1722 1872 1922 1949 Vetti,

566 1965 806 2030 hiscase
840 1966 1095 2030 omnino
1128 1965 1300 2051 quod
1335 1966 1514 2052 cupis
1550 1966 1809 2031 efficies·
1949 2006 1984 2054 g
2061 1979 2066 1982 ’

1279 2403 1545 2470 XCIX.

483 2523 783 2611 Surripui
816 2522 953 2602 tibi,
988 2522 1140 2590 dum
1174 2523 1362 2602 ludis,
1395 2523 1632 2591 mellite
1664 2523 1939 2603 Iuventi,

565 2619 876 2685 saviolum
909 2618 1080 2684 dulci
1113 2618 1358 2683 dulcius
1394 2618 1730 2684 ambrosia.

479 2736 697 2779 verum
732 2713 800 2778 id
832 2734 959 2778 non
993 2713 1230 2799 inpune
1265 2713 1411 2777 tuli:
1447 2734 1725 2796 namque
1761 2713 2031 2798 amplius
2065 2712 2286 2780 horam

563 2808 867 2873 suffixum
899 2806 969 2870 in
1003 2829 1251 2871 summa
1283 2828 1387 2872 me
1420 2806 1679 2871 memini
1715 2828 1852 2877 esse
1889 2828 2098 2885 cruce,
2153 2873 2161 2879 ,
2241 2832 2252 2861 2

478 2902 632 2966 dum
664 2901 779 2964 tibi
812 2922 918 2967 me
950 2921 1157 2986 purgo
1188 2922 1309 2965 nec
1341 2922 1603 2986 possum
1638 2900 1893 2964 fletibus
1940 2902 2086 2967 ullis

563 2995 879 3059 tantillum
912 3005 1157 3059 vestrae
1193 2994 1444 3059 demere
1479 2993 1798 3059 saevitiae.

477 3110 628 3152 nam
663 3087 848 3151 simul
881 3086 950 3150 id
983 3087 1220 3153 factum
1256 3097 1372 3164 est,
1406 3086 1621 3152 multis
1657 3086 1857 3152 diluta
1888 3087 2120 3155 labella

563 3179 758 3266 guttis
794 3179 1141 3245 abstersisti
1176 3180 1471 3259 omnibus
1503 3180 1802 3257 articulis,

418 3358 423 3361 -
475 3296 558 3340 ne
591 3273 932 3359 quicquam
963 3284 1179 3338 nostro
1215 3284 1604 3339 contractum
1642 3296 1721 3339 ex
1756 3295 1865 3351 ore
1900 3285 2206 3354 maneret,
2267 3328 2276 3337 .

561 3378 883 3450 tamquam
920 3366 1265 3432 conmictae
1301 3389 1530 3454 spurca
1564 3366 1764 3432 saliva
1794 3367 2002 3453 lupae.

477 3472 803 3548 praeterea
836 3461 1066 3527 infesto
1101 3462 1402 3527 miserum
1437 3485 1541 3527 me
1574 3463 1823 3528 tradere
1856 3463 2085 3528 Amori

561 3577 689 3621 non
725 3555 982 3620 cessasti
1017 3555 1313 3640 omnique
1348 3556 1709 3621 excruciare
1745 3557 1952 3633 mode,

476 3659 551 3713 ut
581 3649 672 3713 mi
707 3671 787 3714 ex
821 3648 1138 3714 ambrosia
1172 3660 1485 3714 mutatum
1518 3649 1647 3714 iam
1682 3649 1845 3715 foret
1878 3648 2037 3714 illud

563 3742 872 3808 saviolum
907 3742 1069 3808 tristi
1104 3742 1344 3817 tristius
1380 3743 1723 3809 helleboro·

476 3857 669 3921 quam
702 3837 1002 3918 quoniam
1035 3858 1304 3923 poenam
1339 3837 1569 3902 misero
1603 3836 1905 3923 proponis
1939 3839 2162 3916 amori,

559 3950 907 4016 numquam
940 3930 1068 3996 iam
1104 3932 1368 4018 posthac
1402 3931 1582 3997 basia
1616 3931 1968 4018 surripiam.

2344 425 2432 490 69

2465 762 2538 818 10

2462 3385 2532 3440 10

2459 3854 2528 3907 15
