3225 5171
766 441 947 484 CXXIV
1530 440 1886 483 ADNOTATIO
1932 441 2178 484 0311·ch

765 562 1072 620 statuentis
1117 556 1302 639 (quod
1343 559 1483 619 ilico
1525 562 1739 620 sentiet
1781 562 1886 639 qui
1929 579 2222 639 quaenam
2266 560 2391 622 fere
2432 561 2615 622 verba
2668 563 2948 625 excidere

764 647 1063 724 potuerint
1107 664 1305 704 secum
1343 643 1620 723 reputat),
1666 648 1857 722 magis
1902 665 1971 705 eo
2015 646 2236 705 inclino
2281 655 2347 705 ut
2389 667 2446 708 v.
2493 648 2615 706 393
2662 649 2944 708 mendum

763 730 1002 790 subesse
1045 732 1320 808 suspicer.
1409 738 1585 809 atque
1629 729 1786 789 idem
1831 732 2161 809 suspicatus
2206 739 2295 791 est
2334 731 2411 789 N.
2446 732 2750 806 HeinsiuS,
2807 755 2943 794 cum

761 835 869 894 pro
915 817 1049 874 laeti
1092 817 1277 872 divum
1330 813 1577 874 fortasse
1618 818 2029 890 Latoniqenam
2080 818 2206 876 sive
2254 818 2451 895 potius
2503 818 2948 892 Laetom’qenam

765 899 881 976 (sic
917 903 1075 960 enim
1110 897 1262 978 ipse)
1300 898 1675 959 scribendum
1720 919 1848 960 esse
1878 909 2137 979 putaret3
2183 900 2337 980 quod
2377 921 2509 960 cum
2544 921 2650 981 per
2684 921 2745 962 se
2780 922 2945 980 egre-

762 986 929 1062 gium
973 987 1064 1058 sit,
1110 1004 1229 1044 non
1275 983 1604 1044 dubitarem
1649 984 1975 1057 adsumere,
2022 987 2073 1044 si
2118 986 2318 1065 paullo
2362 989 2604 1065 propius
2640 988 2871 1047 abesset
2906 1008 2948 1047 a

759 1070 970 1129 litteris
1021 1068 1268 1129 traditis.
1370 1090 1729 1149 quamquam
1780 1072 2022 1128 nomina
2074 1073 2313 1151 propria
2364 1071 2462 1130 vel
2515 1091 2648 1131 cum
2702 1075 2943 1132 nomine

760 1157 995 1233 proprio
1041 1156 1344 1233 conposita
1396 1155 1807 1233 depravationi
1858 1156 2207 1215 coniunctae
2262 1155 2386 1215 fere
2437 1176 2572 1214 cum
2626 1157 2943 1236 interpola-

761 1242 923 1299 tione
980 1241 1171 1316 magis
1241 1239 1373 1298 aliis
1436 1241 1705 1317 exposita
1766 1259 1892 1299 esse
1954 1239 2158 1299 solent.
2257 1260 2336 1299 an
2396 1243 2710 1321 scripserat
2766 1250 2945 1320 poeta

758 1327 1034 1382 Phoebum
1091 1345 1198 1403 pro
1259 1317 1486 1382 divum?
1536 1354 1622 1364 —·
1675 1326 1797 1382 402
1845 1324 2125 1384 audacter
2188 1344 2331 1384 sane
2388 1332 2565 1405 atque
2617 1326 2945 1386 insolenter

761 1413 997 1485 innupta
1048 1427 1284 1467 noverca
1328 1408 1403 1468 de
1454 1409 1684 1486 paelice
1737 1409 1964 1468 dicitur.
2054 1429 2207 1489 quae
2260 1430 2439 1469 causa
2473 1411 2588 1469 fuit
2639 1431 2744 1473 cur
2794 1411 2941 1470 olim

759 1498 976 1572 partim
1028 1514 1161 1553 cum
1216 1493 1499 1572 Maehlyo
1563 1492 1785 1567 (annal.
1840 1493 2043 1572 philol.
2092 1493 2244 1554 CIII
2290 1492 2457 1570 353),
2520 1498 2739 1574 partim
2804 1517 2940 1555 cum

759 1578 1120 1639 Baehrensio
1165 1578 1539 1638 scribendum
1582 1588 1872 1657 putarem,
1906 1581 2044 1637 liber
2095 1583 2178 1637 uti
2218 1590 2428 1655 nuptae
2469 1591 2763 1656 poteretur
2803 1584 2946 1652 flore

761 1667 1029 1722 novellae.
1100 1671 1303 1742 postea
1329 1671 1524 1723 autem
1553 1664 1706 1722 nihil
1734 1663 2082 1725 mutandum
2110 1683 2237 1725 esse
2271 1663 2557 1724 intellexi.
2629 1667 2809 1724 immo
2837 1685 2942 1725 ne-

761 1751 1076 1809 cessarium
1095 1756 1182 1807 est
1209 1767 1495 1820 novercae,
1524 1751 1803 1827 quoniam
1830 1757 2054 1808 remota
2078 1748 2191 1808 hac
2220 1751 2460 1809 notione
2488 1749 2637 1808 nihil
2663 1758 2846 1809 restat
2873 1753 2941 1810 in

760 1842 886 1893 tota
919 1835 1214 1892 sententia
1249 1853 1365 1912 quo
1392 1842 1640 1892 matrem
1676 1835 1964 1912 primaevi
1999 1835 2125 1894 nati
2144 1831 2449 1894 ’mortuam
2485 1854 2612 1895 esse
2645 1836 2941 1912 significe-

758 1927 872 1992 tur,
924 1918 990 1976 id
1032 1917 1191 1997 quod
1240 1918 1438 1997 aliquo
1490 1918 1665 1977 modo
1718 1919 2040 1994 significari
2084 1921 2357 1997 oportuit.
2401 1952 2487 1962 -—-
2528 1920 2655 1978 404
2702 1931 2943 1995 penates

760 2003 918 2062 Itali.
999 2002 1151 2062 conf.
1186 2003 1436 2063 LXVII
1469 2005 1564 2061 24.
1637 2015 1907 2078 parentes
1940 2004 2014 2077 V,
2058 2003 2498 2079 Lachmannus,
2530 2005 2851 2083 Hauptius.

691 2132 694 2135 Α
888 2088 1066 2147 LXV
1101 2090 1138 2147 8
1182 2090 1298 2146 tria
1341 2088 1592 2147 disticha
1637 2108 1674 2146 a
1706 2089 2094 2153 Lachmanno
2140 2088 2505 2168 adprobante
2548 2090 2814 2169 Hauptio
2861 2109 2942 2148 ex

764 2194 812 2233 e.
848 2173 1129 2232 LXVIII
1164 2173 1416 2231 20-24
1453 2181 1508 2233 et
1548 2174 1797 2232 92--96
1835 2181 1968 2252 post
2011 2173 2170 2232 hunc
2204 2193 2439 2234 versum
2475 2173 2679 2232 addita
2713 2176 2942 2245 removi

761 2279 882 2317 una
926 2279 1060 2317 cum
1103 2265 1334 2317 servato
1378 2258 1454 2317 ab
1501 2260 1585 2317 eis
1630 2257 1969 2318 hexametro
2012 2260 2126 2318 isto
2174 2261 2473 2334 adloquar,
2519 2252 2746 2317 audiero
2781 2280 2938 2316 num-

764 2364 929 2418 quam
955 2353 1053 2400 tua
1075 2345 1236 2417 facta
1264 2345 1568 2417 loquentem
1595 2340 1720 2418 (tua
1849 2344 2155 2419 loquentem
2180 2344 2258 2417 D,
2285 2342 2748 2421 Lachmannus).
2814 2365 2937 2423 quo

764 2427 840 2487 de
882 2446 1058 2486 versu
1099 2427 1268 2486 libris
1313 2427 1434 2486 fide
1479 2427 1675 2504 dignis
1720 2429 1923 2502 ignoto
1958 2430 2194 2508 iamque
2229 2449 2266 2487 a
2301 2429 2605 2506 Scaligero
2641 2436 2939 2509 expuncto

764 2513 916 2572 conf.
945 2512 1293 2571 Baehrensii
1326 2513 1647 2591 prolegom.
1685 2513 1987 2572 XXVIII.
2057 2532 2252 2594 neque
2283 2513 2359 2572 ad
2394 2513 2793 2574 Catullianam
2827 2517 2940 2574 ori-

762 2601 961 2675 ginem
999 2600 1124 2657 eius
1151 2597 1665 2657 demonstrandam
1691 2598 1994 2657 sufficiunt
2020 2619 2172 2679 quae
2198 2618 2388 2678 nuper
2414 2600 2613 2659 attulit
2641 2598 2939 2679 Sydovius

763 2684 839 2744 de
871 2702 1089 2743 recens.
1112 2682 1240 2742 Cat.
1270 2703 1444 2741 carm.
1466 2684 1544 2740 57
1566 2703 1639 2742 ss,
1718 2683 2187 2762 interpolationis
2223 2684 2511 2745 indicium
2543 2704 2655 2762 ego
2690 2684 2934 2764 quidem

763 2777 822 2829 et
871 2770 937 2827 in
988 2768 1232 2827 moleste
1282 2770 1529 2846 repetito
1582 2768 1764 2827 verbo
1815 2768 2098 2848 loquendi
2147 2763 2454 2845 (adloquar
2484 2802 2572 2812 --
2605 2768 2939 2847 loquentem)

763 2853 1077 2930 adgnoscO,
1114 2872 1306 2933 neque
1332 2872 1490 2926 ver0,
1528 2856 1708 2913 etiam
1732 2855 1784 2913 si
1809 2853 2184 2913 Lachmanni
2219 2857 2474 2914 rationes
2501 2857 2568 2913 in
2593 2857 2938 2914 universum

761 2939 1098 3018 probandas
1153 2957 1280 2998 esse
1333 2957 1656 3012 censerem,
1720 2939 1877 3017 apud
1929 2939 2177 2997 verbum
2231 2941 2458 2997 audiero
2509 2958 2838 3019 pronomen
2887 2950 2942 2997 te

763 3026 890 3084 sine
944 3025 1356 3083 concinnitatis
1417 3023 1769 3083 detrimento
1823 3026 2101 3084 omissum
2151 3031 2438 3101 putarem.
2528 3032 2810 3097 ceterum,
2861 3043 2940 3085 ne

761 3110 894 3187 plus
928 3128 1048 3167 uno
1083 3108 1374 3168 versiculo
1403 3108 1691 3168 excidisse
1718 3116 2060 3179 statuamuS,
2097 3110 2224 3187 ipse
2260 3109 2468 3167 modus
2503 3109 2942 3169 interclusionis

763 3192 987 3266 suadet,
1024 3197 1090 3251 in
1124 3212 1238 3271 quo
1273 3200 1341 3250 ut
1371 3194 1618 3253 minime
1643 3192 2009 3266 offendimus,
2047 3196 2134 3256 ita
2166 3196 2374 3271 augeri
2410 3213 2544 3253 eum
2580 3196 2708 3254 sine
2741 3213 2940 3254 neces-

763 3279 935 3336 sitate
969 3276 1260 3336 nolumus.

889 3362 1098 3421 LXVI
1135 3362 1212 3418 15
1247 3372 1545 3437 parentum
1578 3363 1686 3421 vix
1720 3382 1945 3422 sanum.
2000 3362 2105 3424 sed
2131 3383 2207 3422 ex
2241 3365 2558 3443 propositis
2587 3366 2941 3424 coniecturis

762 3445 930 3505 nulla
964 3446 1302 3525 probabilis.
1372 3467 1450 3504 an
1486 3448 1799 3525 scripserat
1827 3448 2097 3508 Catullus
2131 3441 2434 3506 maritum?
2468 3481 2552 3521 —4
2589 3450 2671 3506 24
2707 3459 2837 3506 tunc
2864 3447 2938 3509 Ο.

761 3551 907 3589 mmo
941 3552 1078 3591 sscr.
1117 3541 1244 3590 tune
1282 3530 1355 3591 G.
1426 3541 1540 3588 tum
1573 3532 1894 3611 Hauptius.
1929 3564 2017 3574 —
2052 3533 2136 3591 50
2166 3536 2313 3606 ferri
2346 3536 2622 3608 strinyere
2654 3534 2937 3612 HeysiuS.

761 3616 915 3676 conf.
934 3616 1180 3675 Ellisius
1205 3619 1270 3675 in
1298 3624 1623 3689 comment,
1654 3617 2000 3678 Schwabius
2029 3618 2224 3677 annal.
2254 3618 2456 3696 philol.
2476 3617 2719 3679 CXVII
2738 3620 2860 3677 266
2874 3638 2936 3691 a,

761 3702 1062 3780 Sydovius
1115 3702 1189 3761 de
1239 3720 1462 3761 recens.
1511 3700 1640 3761 Cat.
1687 3723 1861 3762 carm.
1898 3703 1980 3760 47
2002 3723 2046 3762 s.
2097 3705 2270 3775 ferris
2318 3705 2568 3777 frinqere
2604 3702 2677 3763 Gr.
2763 3704 2942 3776 ferris

755 3789 967 3861 finqere
1010 3785 1081 3847 O.
1165 3789 1312 3861 ferri
1357 3789 1625 3861 franqere
1675 3806 1752 3847 ex
1802 3788 1862 3846 D
1906 3787 2327 3847 Lachmannus
2371 3788 2805 3867 Hauptiusque.
2851 3818 2941 3829 —

761 3872 841 3930 53
881 3874 1203 3930 nutantibus
1235 3872 1308 3932 V.
1380 3871 1533 3931 conf.
1569 3870 1752 3951 Apul.
1791 3872 2172 3952 metamorph.
2210 3874 2300 3932 VI
2336 3873 2413 3931 15
2452 3875 2779 3947 libratisque
2807 3876 2937 3949 pin-

760 3977 960 4013 narum
1014 3960 1324 4015 nutantium
1365 3959 1616 4030 molibuS,
1671 3976 1845 4037 quem
1886 3956 2081 4016 locum
2127 3966 2265 4035 apte
2309 3960 2657 4036 conparavit
2690 3957 2939 4017 Ellisius

758 4042 826 4099 in
879 4049 1186 4101 comment.
1273 4044 1607 4101 nictantibus
1660 4061 1737 4101 ex
1786 4044 2121 4103 coniectura
2173 4043 2429 4102 Bentleii
2480 4043 2799 4122 Hauptius.
2854 4072 2939 4083 —

762 4125 840 4183 59
882 4129 1005 4183 sola
1041 4126 1191 4186 God.
1217 4128 1602 4187 Hermannus
1637 4147 1774 4185 ann.
1801 4127 2005 4207 philol.
2034 4126 2232 4186 XXII
2263 4129 2401 4187 312.
2475 4131 2652 4186 solum
2687 4127 2841 4199 libri,
2879 4134 2939 4186 et

758 4212 846 4270 ita
887 4210 1208 4292 Hauptiu8.
1263 4245 1345 4255 -
1403 4213 1482 4271 77
1502 4233 1546 4272 s.
1592 4214 1837 4271 omnibus
1882 4233 2081 4289 expers
2140 4215 2445 4287 Wequentis
2489 4233 2604 4271 uua
2648 4213 2722 4287 V,
2778 4210 2940 4292 quod
