3225 5171
1295 439 1763 483 PROLEGOMENA
2382 441 2616 482 LXXXIII

436 563 687 636 lupanar
722 565 782 618 et
816 556 1019 616 addito
1058 562 1336 635 genetivo
1372 579 1635 616 venenum
1666 561 1832 629 vitae,
1861 560 2044 633 pestis
2079 560 2369 631 amicitiae,
2407 580 2613 637 oppro-

437 647 561 702 bria
593 645 820 701 Romuli
842 645 1126 717 Remique,
1164 644 1299 717 alia,
1338 643 1705 723 frequentem
1732 664 1901 702 usum
1938 645 2203 720 genetivi
2235 647 2504 722 partitivi
2539 664 2616 705 ex

435 733 661 789 neutris
713 731 1126 808 pronominum
1179 729 1277 788 vel
1339 729 1767 788 adiectivorum
1824 730 2167 807 quantitatis
2221 732 2368 808 apti,
2430 730 2616 790 verba

436 825 654 872 mutare
688 821 747 874 et
781 816 1066 887 offimnare
1107 816 1481 873 intransitive
1529 814 1702 885 dicta,
1753 832 1972 871 eernere
2007 833 2141 872 cum
2173 815 2471 873 infinitivo
2507 836 2615 893 pro

439 900 781 960 ‘decernere
792 897 825 971 ’,
865 901 1357 958 constructionem
1386 899 1773 958 ‘monendum
1797 907 1857 957 te
1886 906 1975 957 est
2000 898 2193 972 mihi'‚
2223 900 2616 960 indicativum

435 987 502 1044 in
536 985 1002 1060 interrogatione
1048 983 1290 1064 obliqua
1325 983 1666 1057 admissum,
1714 983 2068 1042 vocabulum
2111 984 2269 1063 quod
2304 993 2393 1044 est
2427 989 2618 1043 nullus

434 1073 696 1150 itemque
757 1087 856 1126 nec
908 1077 967 1127 et
1026 1070 1162 1126 nihil
1222 1069 1486 1145 negandi
1545 1071 1786 1146 gravius
1840 1088 2016 1127 causa
2077 1089 2184 1147 pro
2245 1089 2354 1127 non
2405 1072 2615 1148 posita.

440 1155 672 1227 deinde,
711 1174 845 1213 cum
893 1155 1220 1232 superiores
1255 1157 1565 1233 scriptores
1599 1154 1805 1212 Latini
1849 1154 2032 1213 verba
2066 1173 2200 1212 cum
2234 1157 2615 1234 praepositio-

437 1241 611 1299 nibus
668 1241 973 1316 conposita
1016 1259 1148 1298 cum
1203 1239 1753 1318 praepositionibuS,
1810 1241 2157 1317 posteriores
2202 1260 2336 1298 cum
2383 1241 2617 1299 casibus

437 1325 576 1384 solis
605 1328 965 1399 coniungere
1000 1326 1065 1381 in
1093 1328 1431 1384 universum
1468 1325 1822 1402 praeferant,
1851 1324 2228 1399 memorabile
2264 1333 2352 1384 est
2379 1325 2615 1385 Catullo

435 1413 501 1469 in
528 1430 600 1470 ea
623 1429 689 1470 re
715 1412 904 1486 magis
933 1429 1064 1467 cum
1092 1409 1212 1468 illis
1240 1430 1417 1489 quam
1455 1429 1588 1468 cum
1623 1409 1715 1467 his
1744 1411 2085 1468 convenire:
2125 1417 2280 1468 certe
2309 1410 2614 1490 aliquanto

439 1497 672 1574 saepius
723 1498 1217 1574 praepositionem
1279 1494 1552 1553 adhibuit
1605 1515 1781 1573 quam
1834 1494 2109 1552 Tibullus
2163 1501 2222 1552 et
2271 1495 2617 1574 Propertius

439 1578 616 1656 (conf.
658 1580 1142 1640 Schneemannus
1176 1579 1216 1637 1.
1253 1599 1300 1638 c.
1338 1600 1394 1658 p.
1433 1577 1560 1655 48).
1614 1588 1739 1637 tum
1778 1577 1937 1657 quod
1972 1578 2115 1636 bina
2148 1579 2455 1653 vocabula,
2492 1580 2614 1658 ple-

434 1685 683 1745 rumque
718 1665 1151 1741 significatione
1186 1665 1417 1738 similia,
1456 1658 1781 1730 οέσυνδέτως
1815 1663 2089 1742 copulare
2125 1673 2299 1737 amat,
2335 1672 2404 1723 ut
2437 1668 2616 1723 iocose

436 1753 638 1826 lepide,
687 1752 942 1807 diversae
983 1753 1178 1807 variae
1219 1753 1362 1822 viae,
1401 1752 1601 1825 perfer
1648 1751 1880 1822 obdura,
1934 1747 1997 1805 id
2044 1751 2099 1807 ei
2134 1769 2267 1807 cum
2302 1749 2519 1809 Plauto
2556 1758 2616 1809 et

439 1839 678 1894 omnino
715 1855 848 1894 cum
884 1836 1181 1894 veteribus
1218 1853 1527 1894 commune
1562 1841 1650 1893 est
1686 1830 1862 1907 (conf.
1891 1834 2132 1892 Brixius
2170 1834 2247 1892 ad
2282 1835 2612 1894 Trinumm.

439 1922 564 1979 243
603 1927 662 1979 et
697 1921 837 1991 302,
884 1919 962 1978 ad
1005 1920 1124 1978 mil.
1162 1919 1308 1997 glor.
1348 1920 1488 1977 663.
1558 1919 1978 1977 Lachmannus
2015 1917 2095 1976 ad
2127 1918 2301 1977 Lucr.
2337 1920 2406 1977 II
2445 1919 2609 1996 118).

437 2024 548 2064 1166
594 2004 851 2064 dubitari
894 2012 1088 2082 potest
1132 2008 1276 2083 quin
1320 2004 1469 2062 tales
1513 2003 1839 2062 locutiones
1885 2001 2090 2082 quales
2134 2010 2270 2061 sunt
2312 2023 2421 2059 non
2465 2009 2615 2062 assis

431 2092 640 2164 facere,
694 2109 803 2147 non
845 2092 1034 2162 facere
1069 2093 1182 2164 pili
1225 2089 1561 2168 similesque
1605 2107 1681 2147 ex
1732 2087 1902 2164 vulgi
1953 2106 2219 2146 sermone
2269 2087 2615 2167 adsumptae

435 2177 568 2247 sint,
608 2177 760 2235 sicut
795 2193 900 2234 eae
937 2192 1088 2253 quae
1115 2173 1532 2232 adverbiorum
1561 2193 1695 2231 cum
1727 2173 1911 2231 verbo
1942 2172 2307 2231 substantivo
2336 2177 2614 2233 coniunc-

433 2264 597 2319 tione
630 2261 799 2331 fiunt,
837 2278 928 2317 ex.
957 2278 1044 2334 gr.
1078 2269 1160 2316 est
1187 2261 1390 2334 pulcre
1425 2260 1541 2330 tibi,
1579 2279 1688 2314 non
1713 2259 1844 2315 mihi
1871 2267 1982 2314 tam
2005 2259 2115 2330 fuit
2139 2260 2394 2332 malique,
2433 2267 2614 2338 atque

435 2344 754 2404 execrandi
789 2343 1077 2403 formulae
1110 2347 1177 2402 in
1212 2363 1258 2402 c.
1287 2343 1390 2401 ΠΙ
1411 2345 1508 2414 13,
1545 2343 1701 2403 XIV
1721 2345 1776 2416 6,
1811 2342 2099 2403 XXVIII
2122 2344 2200 2400 14
2219 2362 2263 2401 3.
2316 2351 2614 2422 postremo

435 2429 511 2488 ab
565 2427 827 2488 eiusdem
879 2431 1163 2487 sermonis
1216 2427 1410 2486 studio
1461 2427 1847 2508 repetendum
1902 2427 2060 2506 quod
2114 2426 2382 2487 Catullus
2433 2429 2614 2489 valde

439 2513 768 2573 delectatur
810 2522 1101 2573 structura
1141 2517 1518 2594 paratactica,
1566 2515 1731 2573 cuius
1775 2512 1965 2571 multa
2008 2513 2281 2592 exempla
2317 2517 2613 2591 congessit

434 2600 741 2677 Zieglerus
783 2597 823 2659 1.
863 2620 910 2659 c.
946 2620 1004 2679 p.
1043 2600 1122 2657 32
1159 2620 1232 2659 ss.
1284 2600 1647 2679 lepidissime
1699 2608 1895 2659 autem
1945 2599 2057 2657 hoc
2104 2598 2341 2658 dicendi
2392 2620 2612 2678 genere

435 2706 483 2745 c.
521 2686 585 2744 X
622 2686 705 2743 30
739 2706 879 2745 usus
916 2694 1005 2745 est
1037 2692 1214 2764 poeta
1249 2684 1325 2743 ad
1361 2684 1807 2763 exprimendam
1844 2683 2097 2743 subitam
2134 2686 2319 2742 animi
2355 2693 2612 2744 conster-

433 2773 735 2829 nationem
770 2791 889 2850 qua
924 2790 986 2830 se
1031 2773 1476 2850 importunitate
1512 2769 1747 2848 puellae
1782 2790 1818 2827 a.
1850 2770 2011 2828 Varo
2049 2775 2279 2827 amatae
2312 2768 2611 2829 adfectum

434 2875 560 2915 esse
595 2863 810 2915 narrat.
887 2856 1173 2915 hactenus
1219 2854 1291 2914 de
1336 2856 1515 2934 prisci
1551 2855 1728 2912 moris
1762 2856 1828 2912 in
1864 2858 2103 2930 syntaxi
2140 2852 2478 2912 Catulliana
2512 2874 2611 2914 ve—

433 2942 641 3016 stigiis.
713 2940 958 3000 relicum
1004 2950 1092 3000 est
1135 2950 1202 3000 ut
1249 2946 1594 2998 ornamenta
1630 2937 1923 3017 quaedam
1970 2940 2249 2996 orationis
2295 2958 2611 3017 persequa-

435 3046 568 3083 mur
621 3027 938 3104 antiquiori
990 3025 1272 3084 latinitati
1325 3027 1641 3103 praecipue
1693 3022 1964 3101 probata,
2021 3022 2235 3102 quibus
2286 3024 2612 3083 retinendis

438 3108 707 3169 Catullus
761 3114 1017 3168 sermoni
1069 3130 1175 3169 suo
1229 3109 1481 3170 colorem
1533 3127 1674 3168 vere
1714 3107 2059 3187 popularem
2105 3107 2458 3167 conciliavit.
2539 3129 2610 3172 ac

434 3196 688 3274 primum
732 3193 969 3272 quidem
1015 3194 1331 3254 dicendum
1377 3194 1452 3253 de
1495 3213 1564 3252 eo
1611 3192 1771 3272 quod
1816 3191 2111 3251 neoterico
2156 3196 2397 3253 nomine
2439 3196 2607 3252 adlit-

435 3282 756 3339 terationem
796 3298 1010 3337 vocare
1045 3276 1472 3339 consuevimus.
1553 3277 1628 3338 de
1664 3280 1828 3337 cuius
1865 3278 2024 3357 apud
2057 3280 2356 3338 Romanos
2390 3299 2502 3338 usu
2536 3300 2610 3338 ac

433 3364 653 3423 finibus
682 3366 916 3441 copiose
945 3371 1004 3422 et
1033 3364 1325 3423 subtiliter
1352 3363 1625 3422 disseruit
1640 3363 1716 3421 A.
1736 3363 1805 3421 F.
1826 3363 2095 3422 Naekius
2120 3367 2308 3422 musei
2331 3364 2610 3424 Rhenani

431 3457 474 3509 t.
510 3449 613 3508 III
649 3444 728 3522 (a.
771 3445 977 3523 1829),
1025 3469 1080 3527 p.
1120 3449 1242 3506 324
1279 3468 1353 3508 33.
1388 3448 1508 3507 vid.
1544 3456 1849 3528 praeterea
1891 3450 1955 3507 in
1988 3450 2191 3525 primis
2226 3448 2609 3509 Woelfflinus

434 3538 502 3593 in
546 3536 689 3593 actis
736 3532 900 3592 acad.
937 3534 1152 3592 Bavar.
1189 3554 1242 3591 a.
1280 3536 1460 3605 1881,
1497 3533 1616 3592 vol.
1651 3534 1735 3606 II,
1772 3554 1830 3612 p.
1869 3534 1900 3589 1
1943 3552 2037 3606 ss.‚
2082 3551 2256 3611 quem
2299 3540 2498 3592 tamen
2535 3534 2611 3593 de

432 3638 498 3679 re
531 3622 812 3678 universa
845 3621 1040 3677 minus
1070 3627 1228 3677 recte
1262 3618 1366 3677 illo
1391 3618 1685 3677 iudicasse
1713 3636 2031 3677 censemus.
2083 3617 2259 3675 huius
2292 3618 2477 3694 igitur
2507 3618 2609 3677 ad-

434 3704 814 3764 litterationis
849 3703 1142 3783 permulta
1175 3706 1240 3762 in
1267 3706 1428 3763 omni
1463 3721 1680 3780 genere
1715 3705 1908 3780 poesis
1936 3701 2311 3761 Catullianae
2337 3704 2611 3782 exempla

437 3798 658 3862 extant,
697 3809 1054 3869 quamquam
1089 3788 1349 3867 profecto
1385 3808 1506 3847 non
1539 3795 1628 3846 tot
1663 3795 1799 3845 sunt
1833 3794 1976 3866 quot
2010 3805 2138 3845 esse
2172 3787 2287 3846 sibi
2320 3790 2612 3866 persuasit

418 3873 681 3934 Carolus
726 3874 920 3933 Ziwsa
961 3878 1027 3933 in
1069 3876 1264 3953 priore
1306 3881 1473 3952 parte
1521 3875 2029 3930 commentationis
2075 3891 2225 3951 quae
2266 3873 2611 3932 inscribitur

439 3959 564 4019 ‘die
608 3959 1084 4038 enrhythmische
1119 3958 1396 4018 Technik
1438 3957 1540 4017 des
1577 3955 1871 4016 Catullus'
1915 3957 2309 4017 Vindobonae
2353 3978 2403 4016 a.
2446 3959 2608 4016 1879

437 4044 755 4122 publicata,
801 4047 905 4123 qui
941 4044 1087 4125 quid
1122 4052 1273 4104 esset
1316 4043 1673 4102 adlitteratio
1709 4062 1917 4121 parum
1952 4062 2163 4102 curans
2196 4045 2262 4101 in
2297 4043 2611 4103 statuenda

439 4148 510 4187 ea
554 4129 866 4188 ridiculum
908 4132 974 4188 in
1016 4129 1258 4189 modum
1299 4128 1643 4188 luxuriavit.
1721 4146 1913 4206 neque
1953 4146 2095 4187 vero
2132 4132 2403 4208 quamvis
2439 4128 2611 4187 adlit-

437 4216 783 4273 terationem
843 4215 1171 4294 putandum
1232 4223 1320 4275 est
1380 4212 1647 4273 consulto
1701 4220 1759 4272 et
1820 4216 2073 4290 cogitate
2125 4212 2411 4273 adscitam
2463 4232 2606 4273 esse.

2196 4308 2269 4351 F*
