3225 5171
1133 498 1490 542 ADNO'rA'rIo
1534 499 1780 542 ORITIOA
2445 502 2554 544 CXI

495 619 621 679 VII
660 619 698 677 3
743 620 987 676 harenae
1030 615 1100 678 Ο.
1174 638 1380 687 arenae
1420 620 1741 698 Hauptius.
1786 649 1873 661 -
1923 619 1964 677 4
2009 621 2426 695 lasarpiciferia
2468 621 2532 680 V

370 706 777 780 laserpiciferis
812 704 1133 783 HauptiuS.

496 789 596 848 IX
632 791 663 846 1
725 791 938 848 Verani
969 809 1103 848 cum
1129 787 1406 848 Ramlero
1433 793 1787 850 recentiores
1821 788 2106 869 plerique.
2188 792 2439 849 Veranni
2469 791 2527 851 V

372 880 433 933 et
475 877 558 933 sic
602 873 921 953 Hauptius,
1011 881 1074 932 at
1116 873 1277 932 idem
1319 874 1379 933 V
1419 877 1487 933 in
1529 874 1775 952 reliquis
1819 875 2177 933 carminibus
2222 877 2288 934 in
2332 876 2558 955 quibus·

370 958 484 1017 hoc
526 978 740 1018 nomen
783 961 1087 1018 invenitur
1121 954 1277 1032 (XII
1314 960 1410 1016 16.
1453 960 1549 1018 17.
1592 958 1882 1018 XXVIII
1918 960 1973 1018 3.
2021 959 2266 1019 XLVII
2303 959 2366 1034 3)
2413 980 2549 1019 con-

373 1051 595 1103 stanter
630 1065 672 1102 n
706 1044 959 1123 simplex
1000 1044 1261 1121 praebet,
1308 1062 1554 1123 eamque
1599 1043 1847 1102 formam
1889 1051 2121 1122 praeter
2156 1043 2386 1104 codices
2422 1045 2554 1104 PH·-

372 1132 584 1188 nianos
617 1130 683 1187 in
718 1136 838 1189 nat.
876 1129 1011 1188 hist.
1050 1131 1237 1199 initio,
1283 1128 1386 1188 ubi
1426 1129 1650 1188 Catulli
1685 1150 1733 1188 c.
1769 1129 1901 1188 XII
1936 1132 2263 1208 respicitur,
2301 1132 2547 1208 inscrip-

373 1215 563 1272 tiones
607 1233 840 1293 quoque
886 1222 944 1273 et
985 1213 1387 1291 Pompeianae
1422 1210 1501 1289 (v.
1539 1214 2006 1289 Zangemeisteri
2050 1213 2172 1273 ind.
2207 1235 2264 1293 p.
2305 1214 2453 1292 232)
2490 1223 2564 1274 etx

375 1298 543 1371 aliae,
595 1298 782 1359 veluti
824 1299 1183 1359 Veronensis
1234 1302 1299 1358 in
1344 1298 1410 1360 C.
1449 1301 1497 1359 Ι.
1536 1298 1605 1357 L.
1642 1299 1719 1372 V,
1759 1300 1814 1371 1,
1852 1320 1909 1357 n.
1949 1299 2133 1372 3787,
2182 1300 2554 1359 confirmant.

373 1391 631 1443 ceterum
682 1387 976 1443 sententia
1035 1383 1206 1443 docet
1264 1387 1332 1443 in
1381 1383 1494 1443 hoc
1543 1402 1721 1442 versu
1774 1383 2004 1463 aliquid
2055 1383 2259 1443 mendi
2311 1385 2562 1444 subesse·
2655 1432 2668 1449 ι

375 1467 466 1544 (in
501 1466 554 1528 O
600 1467 763 1528 deest
805 1468 1205 1547 praepositio).
1274 1470 1476 1548 itaque
1529 1471 1767 1545 signum
1820 1469 2008 1527 crucis
2054 1471 2112 1528 ei
2161 1468 2426 1547 adposui.
2465 1502 2550 1510 —

373 1554 416 1610 4
453 1573 724 1628 anumque
755 1554 1043 1613 FaernuS.
1100 1574 1405 1628 sanamque
1440 1553 1511 1627 O,
1548 1574 1814 1628 suamque
1849 1549 2013 1628 (sscr.
2051 1552 2274 1627 sanam)
2311 1553 2385 1627 G,
2426 1556 2560 1634 qui-⁴

374 1639 485 1698 bus
532 1640 595 1697 in
641 1639 944 1716 scripturis
983 1659 1014 1695 8
1046 1638 1199 1696 nihil
1242 1646 1332 1698 est
1373 1641 1491 1697 nisi
1527 1647 1790 1698 extrema
1824 1640 1985 1698 vocis
2021 1638 2422 1699 antecedentis
2455 1639 2563 1698 lit--

375 1731 502 1782 tera
553 1722 703 1782 falso
756 1724 871 1783 huc
922 1731 1124 1782 tracta.
1213 1743 1356 1781 anus
1418 1723 1698 1783 adiectivi
1749 1725 1940 1782 vicem
1993 1723 2223 1783 obtinet
2275 1727 2452 1784 etiam
2499 1745 2558 1784 c..

373 1807 654 1867 LXVIII
689 1810 768 1867 46
818 1816 878 1867 et
919 1808 1227 1869 LXXVII
1267 1810 1363 1867 10.
1453 1829 1620 1866 anum
1661 1819 1893 1866 matrem
1946 1806 2167 1884 legitur
2210 1809 2367 1887 apud
2416 1808 2564 1871 Gel-

374 1892 522 1952 lium
555 1893 657 1951 III
694 1893 770 1951 15
808 1894 865 1951 4.
937 1914 1223 1969 senemque
1256 1894 1556 1973 Hauptius
1592 1914 1727 1952 cum
1764 1893 2046 1952 Avanti0.

505 1978 569 2036 X
606 1979 641 2035 9
664 1997 707 2036 s.
751 1980 888 2036 nihil
930 1999 1103 2054 neque
1147 1981 1290 2054 ipsis
1323 1980 1448 2036 Iam
1487 1980 1852 2055 praetoribus
1888 1997 2008 2035 esse
2042 1996 2141 2035 nec
2179 1978 2389 2034 cohorti
2422 1996 2562 2054 egoa

375 2064 512 2120 nihil
545 2083 718 2138 neque
753 2066 895 2139 ipsis
927 2063 1051 2121 Nec
1077 2065 1438 2139 praetoribus
1472 2084 1517 2120 e.
1556 2084 1611 2120 n.
1652 2081 1698 2119 c.
1769 2061 2191 2121 Lachmannus
2226 2062 2564 2140 Hauptius-

376 2167 507 2227 que,
547 2155 606 2207 et
640 2152 727 2207 sic
760 2149 961 2224 vulgo,
1034 2165 1238 2206 verum
1271 2148 1418 2206 haec
1449 2147 1625 2207 lectio
1659 2146 1802 2206 ferri
1834 2167 1958 2205 non
1992 2154 2199 2225 potest,
2246 2150 2374 2205 sive
2409 2150 2562 2223 ipsis

376 2231 454 2290 ad
487 2233 712 2292 incolas
746 2232 1070 2311 Bithyniae
1114 2235 1242 2291 sive
1285 2231 1363 2291 ad
1405 2239 1704 2311 praetores
1746 2232 1947 2291 refers.
2028 2232 2167 2290 libri
2209 2234 2421 2291 misere
2455 2232 2560 2291 hic-

375 2320 648 2396 corrupti.
720 2319 856 2375 nihil
890 2337 1063 2392 neque
1097 2335 1194 2374 nec
1228 2319 1286 2374 in
1319 2319 1461 2392 ipsis
1496 2317 1621 2374 Nee
1647 2338 1745 2394 pr.
1785 2339 1831 2375 e.
1869 2337 1925 2375 n.
1959 2336 2004 2374 ο.
2035 2315 2106 2389 O,
2144 2316 2417 2395 idemque
2450 2317 2560 2377 vel

374 2402 594 2461 similia
627 2401 852 2480 reliqui.
925 2420 1023 2459 nec
1057 2402 1185 2462 sine
1220 2401 1398 2461 dubio
1431 2421 1538 2481 per
1572 2421 1826 2462 errorem
1862 2421 1897 2462 e
1929 2405 2236 2461 vicinitate
2272 2406 2451 2461 etiam
2486 2406 2556 2461 in

373 2488 610 2546 initium
655 2504 859 2545 versus
899 2488 978 2544 10
1013 2488 1263 2565 irrepsit.
1344 2508 1454 2566 pro
1495 2508 1611 2568 quo
1639 2486 1808 2567 ,quod
1849 2490 2021 2566 posui
2057 2491 2184 2561 iam,
2234 2491 2451 2566 optime
2486 2487 2552 2546 id

372 2569 692 2651 respondet
726 2571 919 2633 eidem
959 2571 1206 2633 voculae
1239 2575 1307 2632 in
1348 2592 1697 2652 praegressa
1740 2575 2202 2651 interrogatione
2238 2574 2375 2648 quid
2408 2581 2564 2632 esset·

373 2660 497 2717 Iam
531 2659 818 2733 Bithynia,
855 2657 1205 2737 videturque
1240 2660 1559 2735 vestigium
1594 2662 1724 2718 eius
1759 2668 2057 2718 servatum
2092 2677 2219 2717 esse
2252 2661 2318 2717 in
2352 2657 2459 2717 illo
2493 2662 2560 2715 in-

376 2743 535 2822 quod
569 2744 800 2802 codices
838 2750 977 2803 ante
1020 2746 1162 2819 ipsis
1204 2744 1507 2823 praebent.
1579 2746 1872 2803 sententia
1904 2743 2218 2803 manifesto
2252 2742 2399 2801 haec
2436 2750 2563 2802 estr

373 2829 665 2907 Bithynia
700 2827 777 2887 ad
820 2836 1049 2888 tantam
1092 2827 1333 2888 redacta
1368 2836 1457 2887 est
1498 2830 1762 2906 inopiam
1795 2835 1863 2887 ut
1894 2830 2014 2886 iam
2049 2847 2128 2887 ne
2160 2831 2278 2905 ipsi
2312 2826 2562 2905 quidem·

372 2921 690 2993 praetoreS,
744 2914 962 2974 nedum
1014 2913 1245 2986 cohors,
1299 2914 1670 2993 aliquantum
1721 2913 1808 2971 ibi
1859 2911 2009 2971 lucri
2060 2911 2256 2971 facere
2307 2915 2558 2991 possint.

374 2999 525 3057 haec
569 2998 924 3074 generaliter
968 2997 1126 3057 dicta
1169 2997 1247 3057 ad
1292 3005 1506 3058 statum
1548 3000 1894 3077 provinciae
1938 2999 2279 3056 universum
2326 2996 2553 3073 signifi·

379 3081 659 3141 candum:
694 3086 760 3140 in
795 3086 880 3142 eis
915 3101 1070 3161 quae
1104 3090 1377 3142 secuntur
1400 3091 1575 3161 poeta
1600 3081 1681 3141 ad
1706 3081 2003 3140 cohortem
2030 3082 2296 3141 Memmii
2322 3084 2558 3155 transit,

375 3170 442 3225 in
470 3186 588 3246 qua
613 3167 740 3243 ipse
766 3167 974 3226 fuerat.
1009 3197 1096 3209 —
1134 3169 1211 3226 13
1248 3186 1347 3225 nec
1377 3169 1593 3241 faceret
1629 3165 1700 3226 O.
1753 3187 1863 3224 non
1899 3162 2060 3241 (sscr.
2090 3167 2211 3243 nec)
2235 3169 2450 3241 faceret
2478 3166 2553 3227 Gr.

375 3272 488 3309 non
528 3253 744 3324 faciens
785 3251 1087 3330 Hauptius
1131 3272 1263 3311 cum
1309 3251 1631 3312 Gronovio.
1666 3282 1752 3293 —-
1797 3253 1876 3309 26
1913 3250 2186 3328 Sarapim
2228 3270 2262 3311 e
2307 3251 2365 3311 Gr
2402 3259 2460 3310 et
2492 3252 2563 3309 D>

375 3338 711 3397 restitutum
756 3356 792 3394 a
835 3335 1163 3395 SchwabiO.
1243 3337 1395 3397 conf.
1438 3337 1640 3396 Ellisii
1683 3335 1818 3395 adn.
1865 3340 1991 3396 crit.
2070 3336 2331 3413 Serapim
2363 3336 2554 3395 Lach-

372 3441 632 3481 mannus
675 3428 735 3480 et
774 3421 1093 3499 Hauptius.
1128 3454 1216 3463 —-
1251 3423 1331 3480 27
1376 3426 1614 3499 signum
1657 3421 1908 3481 lacunae
1949 3429 2083 3500 post
2123 3421 2285 3481 hunc
2318 3440 2555 3481 versum

379 3507 456 3566 ab
500 3507 768 3585 Hauptio
816 3526 948 3564 cum
984 3505 1367 3566 Lachmanno
1412 3511 1670 3586 positum
1714 3506 1942 3565 sustuli.
1978 3537 2064 3548 -
2110 3508 2189 3565 32
2228 3526 2393 3581 quam
2425 3508 2570 3563 mihi

376 3595 636 3669 pararim
687 3599 1034 3670 suspectum.
1122 3598 1278 3651 recte
1330 3591 1579 3651 fortasse
1630 3592 1855 3652 Statius
1910 3611 2076 3665 quam
2125 3592 2258 3648 mihi
2299 3593 2558 3666 paratis,

379 3677 538 3758 quod
571 3676 846 3755 probavit
879 3678 1056 3735 etiam
1080 3677 1295 3736 Munro
1330 3677 1367 3735 l.
1399 3697 1446 3736 c.
1475 3698 1532 3757 p.
1564 3678 1662 3736 37.
1697 3706 1784 3718 —
1820 3677 1898 3735 33
1938 3685 1991 3733 et
2015 3676 2090 3734 V.
2153 3694 2220 3734 ac
2254 3675 2568 3753 Hauptius-

379 3783 513 3821 cum
547 3761 933 3820 Lachmanno
969 3781 1044 3821 ex
1077 3762 1152 3819 D.

506 3847 604 3905 XI
639 3847 675 3905 5
714 3848 1004 3904 Arabasve
1041 3864 1116 3905 ex
1144 3844 1197 3906 O
1225 3850 1559 3906 restitutum
1587 3866 1626 3903 a
1650 3846 2031 3905 BaehrensiO.
2102 3845 2451 3919 arabaesque
2478 3843 2566 3904 Gr„

377 3932 702 4007 Arabesque
758 3932 901 3991 Hau
942 3934 1075 3992 tius.
1127 3963 1214 3973 —
1275 3932 1311 3989 6
1366 3933 1777 4005 saqittiferosve
1826 3930 1886 3991 V
1938 3929 2285 4007 (saqitiferos
2334 3949 2401 3987 ve
2452 3926 2554 4006 Ο).

381 4018 832 4092 saqittiferosque
863 3953 1180 4095 Ifauptius.

509 4100 642 4159 XII
679 4102 715 4159 6
759 4104 1002 4164 Pollioni
1033 4101 1106 4161 V.
1183 4103 1405 4158 Polioni
1435 4101 1753 4179 Hauptius.
1790 4131 1876 4142 —
1917 4100 2012 4160 16.
2055 4100 2134 4158 17
2180 4101 2460 4159 Veranius
2495 4107 2566 4159 et*

391 4187 747 4247 Veraniolum
779 4187 852 4246 V.
914 4207 970 4245 v.
1008 4184 1085 4245 ad
1118 4187 1216 4246 IX
1245 4188 1298 4244 1.
1372 4188 1689 4244 Verannius
1725 4193 1784 4245 et
1819 4188 2213 4245 Veranniolum
2236 4185 2551 4263 HauptiuS.

508 4269 664 4332 XIV
702 4272 781 4328 14
801 4291 844 4332 S.
894 4275 1145 4330 continuo
1188 4281 1250 4330 ut
1295 4272 1382 4329 die
1407 4275 1623 4349 periret
1657 4271 2076 4331 Saturnalibus.
2149 4269 2568 4348 distinguendi
