3225 5171
766 408 873 450 XVI
1625 406 2082 449 PROLDGOMFJNA

764 527 970 606 aliqua
1004 525 1268 604 amplior,
1304 527 1369 583 in
1396 544 1517 604 qua
1542 524 1745 585 crebro
1774 529 2050 586 convivia
2075 528 2454 605 agitabantur
2480 529 2694 609 quibus
2720 530 2942 591 Lesbia

759 630 1003 692 quoque
1045 613 1343 681 intererat,
1389 629 1494 688 per
1535 608 1894 670 ludibrium
1910 611 2105 673 ‘salax
2148 613 2420 675 taberna’
2466 618 2681 675 vocari.
2746 635 2939 695 neque

763 698 895 756 eius
937 695 1099 755 modi
1139 694 1446 754 translatio
1488 714 1595 773 per
1647 715 1709 755 se
1761 697 2148 777 inprobabilis
2192 706 2296 771 est,
2349 717 2642 779 saepeque
2683 702 2942 760 Romani

760 780 1071 840 vocabulis
1113 800 1150 838 a
1195 781 1428 837 taberna
1470 778 1739 840 deductis
1786 784 2189 840 contubernium
2232 790 2291 842 et
2334 786 2737 843 contubernalis
2780 788 2939 845 iocu-

761 866 967 925 lariter
999 865 1098 925 vel
1132 866 1354 924 ironice
1390 866 1486 923 usi
1519 875 1672 925 sunt.
1744 875 1994 943 augetur
2027 886 2167 926 vero
2201 867 2376 926 huius
2413 871 2783 930 coniecturae
2806 891 2939 949 pro-

762 951 1039 1011 habilitas
1074 951 1270 1010 verbis
1304 952 1390 1009 eis
1424 951 1640 1029 quibus
1678 949 1947 1010 Catullus
1983 953 2159 1010 situm
2195 952 2474 1013 tabernae
2516 953 2756 1029 indicat,
2804 975 2938 1016 cum

758 1035 912 1095 dicit
957 1036 1020 1095 ‘a
1064 1035 1319 1114 pilleatis
1362 1056 1524 1094 nona
1567 1035 1847 1095 fratribus
1890 1035 2048 1114 pila.’
2119 1037 2277 1117 quod
2322 1038 2697 1115 significandi
2750 1059 2937 1117 genus

756 1129 974 1181 cautae
1009 1120 1313 1181 cuiusdam
1347 1120 1881 1180 circumlocutionis
1907 1123 2160 1200 speciem
2194 1121 2387 1196 habet,
2423 1127 2768 1202 praesertim
2804 1145 2937 1184 cum

760 1209 830 1266 in
873 1227 1191 1286 quamnam
1231 1206 1393 1265 urbis
1436 1207 1741 1283 regionem
1784 1206 1858 1265 ab
1904 1206 2051 1267 aede
2096 1205 2404 1266 Castorum
2458 1208 2794 1285 derigamur
2839 1211 2937 1270 ob-

754 1311 1000 1352 scurum
1027 1294 1118 1351 sit.
1173 1298 1350 1369 atque
1377 1288 1490 1349 hoc
1515 1289 1757 1370 quidem
1784 1293 2106 1351 rectissime
2132 1294 2252 1350 iam
2272 1294 2569 1353 Brunerus
2596 1295 2632 1351 1.
2655 1315 2702 1354 c.
2732 1315 2787 1372 p.
2812 1295 2932 1355 628

760 1379 1081 1459 perspexit,
1128 1375 1232 1436 sed
1267 1378 1486 1435 erravit
1520 1395 1588 1436 eo
1627 1375 1787 1455 quod
1827 1379 2017 1455 ipsam
2053 1376 2291 1436 domum
2324 1378 2577 1438 Lesbiae
2612 1381 2936 1456 significari

759 1463 1012 1541 putavit,
1050 1463 1146 1519 cui
1181 1462 1509 1520 sententiae
1541 1481 1596 1518 v.
1639 1463 1717 1518 14
1754 1469 1954 1539 aperte
1986 1471 2295 1563 repugnat

889 1547 1020 1605 Iam
1056 1546 1366 1623 explicatis
1401 1565 1472 1604 ac
1507 1544 1805 1622 dispositis
1840 1548 1924 1607 eis
1952 1566 2105 1625 quae
2138 1550 2270 1625 ipsa
2306 1550 2567 1606 carmina
2594 1510 2935 1609 Catulliana

753 1630 838 1691 de
863 1631 1085 1690 Lesbia
1119 1629 1446 1706 subgerunt
1473 1629 1549 1689 ad
1576 1630 1742 1688 illam
1769 1635 2171 1711 quaestionem
2198 1651 2350 1711 quae
2384 1635 2448 1691 in
2471 1652 2723 1712 persona
2757 1635 2932 1694 huius

756 1715 1026 1775 mulieris
1079 1714 1416 1775 definienda
1475 1723 1744 1776 versatur
1797 1718 2049 1777 transire
2109 1717 2262 1777 licet.
2350 1717 2676 1777 ‘Lesbiam’
2730 1719 2933 1778 fictum

757 1819 978 1860 nomen
1021 1818 1147 1860 esse
1189 1819 1295 1879 per
1336 1818 1399 1859 se
1452 1801 1777 1879 adpareret,
1832 1803 2009 1861 etiam
2062 1803 2113 1860 si
2156 1822 2277 1860 non
2327 1810 2638 1862 testaretur
2679 1802 2931 1864 Ovidius

754 1888 907 1944 trist.
952 1886 1020 1944 II
1065 1886 1206 1944 428.
1285 1904 1478 1965 neque
1529 1885 1787 1945 dubitari
1830 1894 2044 1964 potest,
2098 1889 2442 1964 praesertim
2493 1909 2626 1946 cum
2676 1891 2931 1967 primum

759 1973 1022 2030 emnium
1065 1972 1392 2029 carminum
1436 1970 1516 2029 ad
1556 1970 1835 2031 Lesbiam
1878 1974 2187 2030 missorum
2232 1991 2265 2031 e
2308 1971 2547 2051 Sappho
2592 1993 2931 2051 expressum

758 2057 851 2129 sit,
889 2058 1035 2136 quin
1073 2055 1341 2115 Catullus
1377 2056 1788 2116 celeberrimae
1821 2059 2083 2134 poetriae
2118 2057 2370 2117 Lesbiae
2404 2058 2596 2117 studio
2642 2059 2930 2119 adductus

757 2143 835 2200 sit
868 2149 935 2199 ut
966 2140 1228 2219 puellam
1263 2160 1431 2200 suam
1472 2141 1795 2200 honorifico
1840 2141 1943 2200 illo
1987 2144 2227 2202 nomine
2268 2145 2333 2200 in
2367 2144 2635 2202 versibus
2680 2147 2799 2204 suis
2829 2147 2930 2215 in-

757 2226 1021 2301 signiret.
1094 2244 1248 2304 quae
1281 2225 1522 2304 quidem
1563 2228 1651 2286 rei
1695 2226 2010 2305 explicatio
2055 2230 2175 2286 iam
2220 2227 2295 2286 ab
2332 2227 2538 2286 Isaaco
2572 2228 2785 2288 Vossio
2829 2229 2930 2289 ob·

748 2319 969 2369 servat.
1013 2330 1069 2388 p.
1120 2312 1238 2368 189
1283 2313 1584 2388 proposita
1625 2311 1804 2389 plene
1845 2311 2079 2385 sufficit,
2134 2331 2244 2371 nec
2288 2332 2434 2391 opus
2478 2320 2566 2372 est
2607 2312 2685 2371 ad
2717 2314 2929 2374 vilissi-

752 2415 919 2453 mum
944 2394 1311 2473 Apollinaris
1348 2394 1578 2454 Sidonii
1611 2397 2381 2474 testimoniumconfugere,
2418 2400 2521 2476 qui
2556 2401 2722 2475 epist.
2750 2400 2819 2458 ΙΙ
2849 2401 2929 2458 10

746 2487 903 2553 extr.
945 2480 1224 2540 Lesbiam
1274 2500 1395 2538 una
1447 2499 1579 2539 cum
1626 2479 1862 2539 Catullo
1915 2500 2118 2540 versus
2169 2482 2378 2541 fecisse
2428 2490 2642 2543 narrat.
2722 2504 2928 2544 verum

750 2572 956 2625 autem
1007 2563 1243 2646 puellae
1302 2584 1531 2626 nomen.
1577 2565 1762 2626 fuisse
1816 2565 2142 2626 Clodiam
2192 2565 2484 2646 Apuleius
2536 2567 2687 2646 apol.
2742 2590 2789 2627 c.
2847 2571 2927 2629 10

750 2649 1016 2724 tradidit,
1053 2658 1121 2709 ut
1155 2650 1418 2711 eiusdem
1453 2669 1671 2710 nomen
1704 2670 2014 2711 mensurae
2047 2653 2170 2730 pro'
2189 2671 2468 2728 germano
2506 2674 2542 2711 a
2575 2661 2749 2731 poeta
2792 2655 2926 2714 sub—

744 2738 1026 2795 ·stitutum
1077 2754 1204 2796 esse
1253 2736 1579 2808 videamus,
1635 2756 1750 2814 quo
1800 2737 2047 2800 alterum
2098 2736 2263 2796 salvo
2316 2745 2501 2797 metro
2556 2758 2688 2797 cum
2742 2738 2923 2799 altero

748 2824 1101 2881 commutari
1135 2829 1347 2900 posset,
1392 2841 1512 2901 qua
1545 2820 1621 2881 de
1665 2824 1894 2882 ratione
1928 2823 2004 2880 ab
2044 2822 2174 2880 aliis
2210 2842 2442 2903 quoque
2474 2824 2661 2901 poetis
2693 2823 2924 2883 Latinis

753 2909 1069 2985 praecipue
1102 2908 1167 2965 in
1210 2905 1591 2984 designandis
1634 2906 1847 2985 puellis
1891 2908 2011 2965 suis
2054 2906 2323 2966 adhibita
2363 2909 2585 2985 primus
2620 2908 2924 2969 Bentleius

746 2991 833 3049 ad
874 2992 1021 3050 Hor.
1068 3011 1242 3050 carm.
1286 2992 1354 3051 II
1394 2992 1470 3049 12
1521 2993 1618 3065 13,
1663 3000 1796 3071 post
1838 2992 1942 3050 alii
1986 3001 2397 3069 exposuerunt.
2471 2991 2740 3051 Clodiam
2784 3013 2923 3052 vero

753 3076 910 3134 hanc
938 3075 1159 3135 Catulli
1194 3095 1319 3135 esse
1345 3094 1605 3136 sororem
1629 3078 1803 3135 istam
1827 3076 1896 3136 P.
1927 3076 2123 3136 Clodii
2147 3075 2391 3136 Pulchri
2419 3076 2921 3155 ‘quadrantariae’

752 3163 1108 3236 cognomine
1151 3160 1437 3218 famosam
1481 3160 1657 3219 hodie
1700 3164 1855 3220 inter
1902 3161 2214 3240 plerosque
2258 3171 2500 3221 constat.
2572 3182 2750 3241 quam
2795 3184 2923 3223 sen·

751 3246 1000 3304 tentiam
1044 3246 1164 3303 iam
1209 3244 1441 3303 saeculo
1489 3252 1655 3303 sexto
1700 3244 1925 3305 decimo
1971 3267 2007 3304 a
2048 3248 2225 3306 Petro
2261 3246 2522 3307 Victorio
2568 3247 2815 3326 aliisque
2857 3251 2922 3307 in

749 3329 1011 3390 medium
1038 3329 1377 3408 prolatam,
1429 3337 1631 3389 nostra
1682 3323 1873 3390 aetate
1922 3351 2030 3409 per
2070 3333 2421 3391 Mauricium
2464 3331 2796 3409 Hauptium
2845 3333 2920 3392 ab

751 3413 1051 3474 oblivione
1084 3463 1087 3466 .
1116 3414 1482 3474 vindicatam
1541 3413 1882 3474 Ludovieus
1944 3416 2287 3475 Schwabius
2356 3419 2420 3475 in
2480 3417 2920 3495 quaestionibus

745 3498 1105 3559 Catullianis
1141 3498 1340 3577 ampla
1376 3507 1552 3579 atque
1596 3500 1869 3576 diligenti
1914 3500 2309 3579 disputatione
2356 3500 2519 3559 haud
2550 3500 2921 3561 mediocriter

747 3584 1052 3658 stabilivit,
1091 3586 1200 3645 etsi
1235 3603 1346 3644 nec
1381 3586 1663 3663 optimam
1701 3587 1940 3644 omnino
1978 3585 2429 3663 argumentandi
2462 3588 2752 3645 rationem
2786 3589 2922 3645 iniit

746 3677 808 3728 et
849 3669 1002 3729 falsa
1046 3677 1279 3750 quoque
1302 3669 1649 3729 admiscuit.
1720 3689 1912 3749 neque
1946 3690 2098 3749 quae
2139 3679 2343 3749 postea
2378 3669 2811 3730 Vorlaenderus
2855 3672 2921 3730 in

740 3754 1158 3815 dissertatione
1194 3776 1372 3834 supra
1410 3754 1627 3827 adlata,
1666 3755 1916 3813 Tammo
1943 3755 2294 3815 Tammerus
2320 3757 2620 3814 Kroonius
2655 3758 2719 3814 in
2745 3774 2919 3834 quae-

736 3840 1038 3899 stionibus
1092 3839 1446 3900 Catullianis
1498 3838 1786 3916 Lugduni
1836 3841 2197 3899 Batavorum
2256 3860 2308 3898 a.
2366 3841 2531 3898 1864
2584 3839 2913 3918 publicatis,

736 3923 1001 4003 denique
1024 3923 1374 3985 Alexander
1399 3925 1633 3985 Riesius
1668 3926 1734 3983 in
1768 3925 1963 3984 annal.
1992 3923 2270 4004 philolog.
2290 3932 2331 3982 t.
2361 3923 2485 3998 CV,
2512 3945 2569 4003 p.
2594 3926 2713 3982 747
2743 3944 2816 3983 ss.
2854 3928 2919 3985 in

737 4011 1096 4068 contrariam
1120 4018 1345 4088 partem
1368 4009 1819 4088 disputaverunt
1844 4012 1928 4069 ita
1955 4018 2092 4068 sunt
2119 4016 2437 4087 conparata
2464 4017 2528 4066 ut
2556 4008 2633 4067 ad
2660 4008 2918 4069 refutan-

733 4092 880 4152 dam
915 4094 1080 4152 illam
1125 4091 1474 4155 sententiam
1511 4096 1829 4173 quicquam
1871 4095 2135 4165 valeant,
2185 4096 2428 4172 eiusque
2470 4114 2670 4152 rursus
2716 4094 2917 4153 defen·

730 4198 898 4240 sores
929 4182 1173 4241 extitere
1189 4179 1484 4242 Aemilius
1510 4180 1909 4242 Baehrensius
1934 4182 2000 4240 in
2026 4178 2424 4239 analectorum
2445 4177 2920 4256 Catullianorum
