3225 5171
1184 468 1639 511 PROLEGOMENA
2318 467 2505 511 LXXIX

321 589 438 650 bus
476 587 955 666 conparationem
989 586 1225 660 habent,
1273 589 1689 667 aptissimeque
1724 588 2026 667 Hauptius
2062 591 2126 648 in
2161 589 2507 668 praelectio·

326 675 523 744 nibuS,
570 682 638 731 ut
681 672 968 750 Belgerus
1011 692 1068 750 p.
1109 674 1229 730 239
1266 672 1404 732 libri
1449 675 1539 732 sui
1582 681 1799 746 narrat,
1846 693 2082 733 carmen
2125 675 2222 733 IX
2260 674 2501 749 Catulli,

329 779 446 837 quo
481 759 731 818 Veranii
766 758 941 816 amici
974 758 1039 815 in
1073 757 1310 816 Italiam
1345 757 1565 817 reditus
1603 757 1947 831 celebratur,
1986 778 2119 817 cum
2154 760 2390 818 Horatii
2426 759 2504 819 ad

326 844 722 922 Pomponium
775 842 1096 901 Numidam
1157 850 1216 902 ct
1266 844 1616 920 Pompeium
1669 844 2025 902 carminibus
2069 844 2128 920 (Ι
2174 846 2271 902 36.
2325 845 2393 904 Π
2440 844 2508 922 7)

330 947 664 1006 conponere
698 927 940 1000 solebat,
978 947 1094 1005 quo
1130 927 1401 1006 exemplo
1438 927 1583 1006 quid
1620 927 1972 987 discriminis
2007 931 2161 988 inter
2193 937 2507 1008 utrumque

328 1021 564 1092 poetam
600 1014 907 1072 interesset
943 1011 1383 1072 demonstraret.
1455 1014 1735 1071 nimirum
1771 1015 2131 1073 Veronensis
2167 1022 2340 1092 poeta
2374 1034 2507 1092 pec-

328 1100 472 1158 toris
508 1100 602 1157 sui
635 1098 921 1156 laetitiam
968 1096 1128 1156 nude
1163 1100 1506 1176 sincereque
1543 1100 1820 1175 exprimit
1854 1106 2033 1178 atque
2068 1099 2242 1157 simul
2276 1102 2505 1178 paucis-

328 1184 493 1243 simis
519 1183 716 1242 verbis
743 1184 1155 1241 suavissimam
1182 1182 1482 1243 felicitatis
1501 1181 1858 1242 domesticae
1875 1185 2195 1260 imaginem
2213 1188 2507 1262 proponit,

331 1288 465 1328 cum
502 1267 647 1326 dicit
689 1267 1009 1327 ‘venistine
1055 1266 1293 1326 domum
1337 1267 1415 1326 ad
1459 1274 1590 1326 tuos
1626 1275 1870 1347 penates
1905 1270 2262 1348 Fratresque
2297 1274 2509 1329 unani-

327 1373 455 1413 mos
493 1371 790 1432 anumquc
826 1351 1160 1425 matremP‘,
1208 1359 1461 1433 suntque
1503 1352 1782 1412 versiculi
1816 1355 1941 1413 eius
1977 1356 2062 1411 ita
2099 1357 2405 1432 conparati
2439 1362 2507 1413 ut

328 1458 450 1498 uno
486 1440 710 1515 impetu
744 1439 807 1496 in
835 1436 1099 1496 chartam
1129 1440 1380 1496 coniecti
1405 1437 1736 1511 videantur,
1776 1458 1909 1497 cum
1935 1440 2274 1498 Venusinus
2304 1447 2512 1499 contra

327 1525 397 1582 in
440 1531 689 1602 utroque
741 1531 1011 1601 poemate
1055 1525 1374 1582 sententias
1416 1522 1654 1598 longius
1708 1525 1921 1599 repetit
1965 1532 2327 1603 exornatque
2371 1527 2506 1584 arti-

327 1607 589 1667 ficiosius
632 1615 691 1667 et
732 1628 796 1667 re
839 1626 984 1665 vera
1037 1606 1190 1685 ‘apis
1226 1609 1490 1666 Matinae
1526 1608 1697 1667 More
1731 1607 2048 1687 modoque’
2096 1611 2209 1667 ista
2243 1613 2509 1669 carmina

328 1692 576 1752 finxisse
620 1712 683 1752 se
725 1691 935 1771 prodit.
1018 1693 1169 1751 conf.
1216 1694 1393 1751 etiam
1436 1692 1653 1751 Munro
1696 1692 1733 1750 l.
1771 1714 1820 1752 c.
1856 1714 1913 1771 p.
1954 1695 2074 1751 236
2099 1714 2191 1766 se„
2239 1693 2343 1753 ubi
2388 1695 2510 1753 alia

333 1776 672 1837 Catulliana
715 1786 772 1837 et
815 1778 1148 1836 Horatiana
1189 1785 1326 1856 apte
1370 1780 1526 1836 inter
1568 1797 1631 1838 se
1675 1786 1993 1855 conparata
2040 1785 2098 1837 et
2143 1788 2302 1839 recte
2335 1782 2507 1838 aesti-

328 1871 493 1921 mata
543 1864 814 1940 reperies.
888 1862 1041 1921 hanc
1086 1881 1365 1922 sensuum
1409 1864 1716 1922 veritatem
1753 1863 1950 1921 ubivis
2005 1863 2261 1925 ostendit
2312 1872 2508 1942 poeta,

329 1948 461 2006 sive
504 1949 722 2006 amicos
767 1947 907 2006 colit
940 1949 1068 2007 sive
1109 1950 1173 2006 in
1218 1947 1585 2007 adversarios
1629 1947 1930 2005 invehitur
1965 1950 2089 2006 sive
2124 1947 2322 2006 fratris
2356 1970 2508 2008 mor-

325 2039 451 2090 tem
488 2031 653 2107 luget
695 2034 821 2091 sive
864 2034 1060 2090 tristia
1101 2032 1376 2111 laetaque
1420 2033 1636 2090 amoris
1681 2034 1854 2090 canit.
1927 2031 2088 2110 quod
2123 2040 2320 2091 autem
2355 2035 2419 2115 in
2456 2054 2504 2091 c.

325 2116 635 2175 LXXXV
680 2116 1091 2176 infidelitatem
1125 2117 1378 2175 Lesbiae
1425 2120 1691 2192 cogitans
1739 2115 1892 2173 dixit
1938 2116 2062 2174 ‘odi
2109 2124 2169 2175 et
2211 2117 2388 2191 amo’,
2436 2137 2510 2177 eo

326 2202 553 2260 inscius
606 2200 721 2260 duo
767 2201 873 2260 illa
924 2200 1248 2279 conplexus
1290 2209 1384 2259 est
1425 2201 1641 2279 quibus
1685 2219 1792 2279 per
1836 2219 2068 2259 omnem
2110 2204 2296 2260 vitam
2340 2222 2507 2261 suam

328 2286 810 2346 commovebatur
852 2288 1124 2343 maxime.
1206 2293 1331 2344 erat
1375 2287 1533 2344 enim
1575 2287 1809 2345 iuvenis
1853 2285 2065 2345 ardens
2111 2307 2181 2345 ac
2224 2286 2506 2360 fervidus,

258 2408 263 2412 -
329 2370 435 2430 sed
467 2370 626 2430 idem
660 2369 965 2428 irritabilis
1003 2377 1062 2428 et
1095 2371 1158 2427 in
1185 2371 1333 2428 iram
1360 2389 1657 2448 praeceps
1712 2391 1877 2429 amor
1905 2375 2030 2430 eius
2059 2390 2202 2448 erga
2224 2372 2510 2432 Lesbiam

324 2457 567 2534 penitus
603 2454 850 2514 haerens
887 2474 1006 2512 non
1044 2464 1131 2513 est
1164 2456 1281 2514 nisi
1313 2464 1447 2533 post
1479 2453 1690 2531 longas
1717 2458 2339 2516 contentiones‘animi
2376 2478 2507 2535 gra-

327 2541 719 2619 vissimosque
755 2538 984 2600 dolores
1011 2541 1321 2601 extinctus.
1375 2541 1440 2601 in
1467 2542 1654 2619 primo
1685 2540 1892 2602 ardore
1918 2560 1979 2602 se
2006 2544 2134 2621 ipse
2168 2561 2508 2603 vesanum

324 2627 572 2686 vocavit
599 2622 673 2701 (c.
693 2626 819 2684 VII
842 2628 935 2684 10.
966 2626 1118 2685 conf.
1155 2628 1333 2685 etiam
1364 2625 1412 2684 C
1435 2625 1515 2703 7).
1571 2627 1871 2703 singulare
1898 2635 2095 2687 autem
2129 2631 2510 2708 maximeque

327 2710 709 2771 memorabile
744 2713 809 2769 in
844 2713 1087 2790 antiquo
1124 2719 1299 2789 poeta
1340 2710 1403 2769 id
1437 2710 1776 2771 habendum
1812 2711 1973 2790 quod
2007 2712 2185 2790 plane
2220 2713 2334 2772 sibi
2370 2734 2511 2772 con-

330 2798 484 2855 scius
520 2804 608 2855 est
644 2795 997 2855 discriminis
1032 2798 1186 2854 inter
1213 2815 1468 2856 amorem
1497 2795 1759 2855 mulieris
1795 2797 1871 2854 ad
1909 2816 2117 2874 corpus
2152 2797 2340 2857 solum
2376 2817 2510 2875 per-

328 2882 617 2939 tinentem
660 2888 719 2940 et
761 2881 1029 2940 altiorem
1072 2880 1243 2940 illum
1296 2883 1397 2959 qui
1443 2901 1479 2939 a
1523 2882 1768 2939 caritate
1820 2883 2155 2959 pietateque
2207 2881 2358 2940 nihil
2401 2891 2505 2941 aut

328 2963 598 3043 paullum
644 2964 856 3039 differt,
906 2965 1142 3045 qualem
1185 2986 1351 3025 suam
1396 2964 1534 3024 olim
1578 2968 1644 3023 in
1681 2963 1953 3024 Clodiam
1995 2966 2359 3026 voluntatem
2410 2966 2513 3027 bis

328 3048 513 3109 verbo
565 3049 744 3110 bene
790 3050 974 3109 velle
1019 3050 1356 3126 designavit
1391 3048 1463 3124 (c.
1501 3049 1757 3108 LXXII
1794 3052 1831 3109 8
1869 3058 1928 3109 et
1959 3050 2198 3110 LXXV
2236 3049 2316 3125 7).
2389 3071 2506 3130 qua

330 3133 407 3193 de
441 3151 506 3192 re
541 3133 833 3193 subtiliter
864 3133 1154 3193 iudicavit
1189 3134 1591 3213 Westphalius
1627 3155 1685 3213 p.
1726 3135 1846 3192 115
1875 3154 1920 3194 s.
1957 3136 2109 3195 conf.
2139 3138 2315 3195 etiam
2350 3156 2506 3215 quae

329 3238 442 3279 nos
477 3237 656 3296 supra
689 3238 744 3297 p.
781 3218 1011 3278 XXIII
1035 3219 1319 3282 diximus.
1415 3222 1536 3278 iam
1572 3222 1836 3278 carmina
1870 3218 1949 3279 ad
1992 3223 2161 3279 istam
2200 3221 2505 3282 mulierem

332 3305 664 3383 spectantia
700 3323 833 3362 cum
876 3303 1054 3380 longe
1096 3304 1379 3383 pleraque
1414 3305 1713 3365 excellant
1745 3304 2199 3384 pulchritudine,
2238 3315 2363 3365 tum
2399 3307 2514 3366 illa.

331 3391 590 3448 maxime
624 3388 1000 3467 perfringunt
1034 3397 1290 3448 mentem
1323 3392 1391 3448 in
1425 3391 1641 3469 quibus
1674 3398 1849 3467 poeta
1884 3389 1957 3449 de
1991 3391 2341 3451 infidelitate
2376 3394 2511 3452 eius

333 3475 710 3553 conqueritur
742 3475 1043 3553 animique
1069 3476 1161 3531 sui
1194 3476 1260 3532 in
1287 3478 1605 3534 contrarios
1633 3475 1877 3534 affectus
1914 3475 2176 3535 distracti
2211 3479 2512 3536 cruciatus.

334 3559 610 3637 explicat.
664 3558 924 3637 palmam
950 3577 1090 3617 vero
1126 3577 1267 3637 prae
1303 3560 1572 3618 omnibus
1608 3559 1725 3619 fert
1760 3579 1995 3620 carmen
2021 3561 2293 3621 LXXVI
2327 3561 2512 3638 plane

335 3643 699 3716 admirabile,
745 3643 906 3723 quod
950 3644 1127 3702 etiam
1172 3646 1224 3701 si
1268 3646 1508 3703 unicum
1551 3644 1723 3703 nobis
1768 3653 2063 3703 servatum
2109 3653 2262 3704 esset
2299 3665 2504 3703 monu-

335 3736 597 3789 mentum
646 3727 893 3802 Catulli,
946 3748 1069 3786 non
1120 3727 1522 3788 dubitaremus
1576 3748 1710 3788 eum
1759 3731 1916 3788 inter
1963 3731 2261 3807 principes
2311 3732 2511 3807 poesis

332 3811 558 3891 lyricae
586 3816 876 3873 antistites
904 3831 1228 3872 numerare.
1285 3813 1496 3892 quodsi
1524 3815 1659 3892 quis
1689 3813 1843 3872 hanc
1868 3816 2083 3873 amoris
2112 3813 2510 3889 altitudinem,

334 3897 490 3957 hanc
534 3900 828 3958 miseriam
871 3899 1014 3957 inde
1050 3898 1332 3971 obortam,
1377 3898 1532 3957 hanc
1568 3897 1758 3956 divini
1794 3898 2007 3957 auxilii
2050 3898 2504 3977 inplorationem

336 3982 682 4056 considerat,
726 3982 922 4043 facere
954 4002 1076 4042 non
1110 3984 1341 4061 poterit,
1385 3982 1526 4042 licet
1559 4002 1798 4042 severus
1833 3986 1910 4042 sit
1942 4003 2169 4042 morum
2206 3987 2508 4060 magister,

336 4069 482 4146 quin
536 4067 880 4128 clementius
932 4066 1005 4128 de
1059 4070 1338 4126 universa
1388 4070 1512 4128 eius
1564 4067 1817 4127 foederis
1871 4068 2216 4129 condicione
2264 4070 2507 4129 iudicet.

332 4171 458 4211 non
509 4154 702 4211 minor
751 4174 926 4232 quam
970 4155 1184 4234 amoris
1229 4158 1355 4211 erat
1396 4152 1516 4211 odii
1558 4159 1769 4232 poetae
1812 4153 2001 4226 ardor,
2045 4172 2239 4234 neque
2281 4157 2512 4213 veritus.

331 4245 423 4295 est
457 4255 557 4297 eos
592 4257 629 4295 a
664 4238 876 4316 quibus
913 4239 1025 4297 sibi
1052 4237 1367 4297 videbatur
1399 4245 1750 4317 provocatus
1779 4256 1905 4298 esse
1933 4247 2033 4298 aut
2069 4258 2216 4319 quos
2253 4242 2510 4317 castiga-
