3225 5171
866 439 949 506 58
1723 453 2062 511 CATULLI

866 602 1013 643 nam
1049 576 1206 641 mihi
1241 597 1433 660 quam
1471 574 1715 641 dederit
1752 577 1988 662 duplex
2023 576 2407 644 Amathusia
2440 600 2659 652 curam

951 671 1143 747 scitis,
1181 681 1243 735 et
1274 671 1343 735 in
1376 692 1504 754 quo
1538 693 1643 736 me
1679 672 1981 737 corruerit
2016 694 2270 756 genere,

867 789 1014 832 cum
1049 776 1294 830 tantum
1330 765 1617 829 arderem
1653 776 1959 848 quantum
1997 766 2327 830 Trinacria
2362 789 2553 852 rupes

952 859 1337 945 lymphaque
1372 858 1439 922 in
1477 856 1741 923 Oetaeis
1775 859 1980 923 Malia
2015 859 2483 945 Thermopylis,

764 971 833 1025 55
866 965 1108 1019 maesta
1140 975 1349 1036 neque
1386 952 1653 1016 adsiduo
1689 953 2016 1017 tabescere
2050 954 2291 1018 lumina
2325 956 2478 1019 fletu

952 1058 1272 1113 cessarent
1306 1046 1594 1129 tristique
1630 1047 1833 1111 imbre
1869 1046 2126 1111 madere
2162 1070 2385 1132 genae,

867 1142 1070 1226 qualis
1103 1140 1171 1205 in
1207 1140 1358 1205 aerii
1393 1141 1727 1225 perlucens
1764 1140 2000 1205 vertice
2036 1142 2264 1205 montis

949 1235 1123 1298 rivus
1156 1253 1450 1298 muscoso
1486 1233 1735 1318 prosilit
1772 1256 1807 1298 e
1844 1233 2078 1319 lapide,

810 1381 816 1391 .
866 1328 975 1412 qui
1011 1350 1155 1393 cum
1193 1327 1272 1391 de
1307 1348 1508 1412 prona
1542 1350 1847 1412 praeceps
1886 1340 1979 1392 est
2012 1326 2179 1392 valle
2214 1328 2489 1405 volutus,

762 1438 835 1493 60
951 1444 1066 1508 per
1099 1421 1381 1485 medium
1418 1422 1654 1485 sensim
1689 1422 1914 1485 transit
1947 1422 2065 1485 iter
2099 1421 2341 1507 populi,

868 1516 1053 1581 dulce
1086 1514 1325 1579 viatori.
1346 1516 1514 1578 lasso
1549 1514 1616 1578 in
1654 1515 1883 1579 sudore
1918 1515 2230 1591 levamen,

954 1632 1099 1675 cum
1135 1609 1345 1693 gravis
1381 1619 1640 1674 exustos
1677 1618 1889 1673 aestus
1924 1607 2161 1674 hiulcat
2199 1631 2408 1695 agros.

867 1702 991 1779 hic,
1026 1702 1202 1769 velut
1236 1701 1303 1766 in
1339 1702 1522 1787 nigro
1556 1703 1803 1767 iactatis
1840 1701 2092 1767 turbine
2128 1703 2337 1767 nautis

952 1796 1156 1861 lenius
1192 1796 1521 1881 adspirans
1556 1818 1713 1859 aura
1749 1796 2028 1861 secunda
2062 1796 2236 1861 venit

764 1906 834 1961 65
868 1891 996 1954 iam
1029 1911 1217 1975 prece
1251 1889 1555 1966 Pollucis,
1592 1889 1720 1953 iam
1757 1888 2042 1954 Castoris
2078 1889 2410 1974 inplorata,

955 1984 1081 2049 tale
1116 1983 1239 2048 fuit
1271 1984 1456 2048 nobis
1491 1983 1705 2047 Allius
1741 1983 2068 2048 auxilium.

867 2078 922 2143 is
959 2079 1247 2143 clausum
1282 2077 1409 2141 lato
1444 2077 1748 2162 patefecit
1781 2076 1979 2142 limite
2016 2099 2332 2162 campum,

953 2172 1135 2255 isque
1173 2172 1431 2236 domum
1466 2171 1672 2248 nobis,
1709 2172 1890 2255 isque
1926 2171 2102 2236 dedit
2134 2170 2476 2249 dominam,

871 2266 954 2330 ad
988 2288 1181 2350 quam
1226 2287 1593 2331 communes
1632 2287 2068 2331 exerceremus
2105 2287 2369 2330 amores.

766 2376 836 2429 70
953 2380 1080 2442 quo
1115 2382 1259 2424 mea
1293 2382 1362 2424 se
1397 2359 1571 2423 molli
1607 2359 1879 2424 candida
1915 2359 2062 2423 diva
2095 2359 2259 2444 pede

867 2452 1080 2518 intulit
1114 2463 1179 2517 et
1213 2451 1359 2516 trito
1393 2452 1748 2538 fulgentem
1782 2453 1849 2517 in
1882 2453 2099 2517 limine
2133 2454 2413 2538 plantam

952 2545 1171 2612 innixa
1204 2556 1433 2633 arguta
1468 2547 1787 2612 constituit
1829 2546 2023 2625 solea,
2071 2596 2074 2603 .

868 2641 1157 2726 coniugis
1193 2651 1266 2705 ut
1298 2641 1624 2725 quondam
1656 2641 1934 2726 flagrans
1970 2642 2228 2707 advenit
2262 2664 2476 2708 amore

952 2734 1407 2800 Protesilaeam
1442 2734 1801 2799 Laodamia
1836 2735 2097 2799 domum

766 2845 834 2900 75
867 2828 1186 2914 inceptam
1217 2828 1474 2906 frustra,
1513 2828 1797 2893 nondum
1835 2852 1979 2894 cum
2016 2830 2326 2914 sanguine
2361 2851 2541 2895 sacro

950 2922 1156 2986 hostia
1191 2923 1479 2987 caelestis
1513 2923 1907 3007 pacificasset
1945 2945 2104 2988 eros.

866 3017 956 3081 nil
991 3015 1148 3081 mihi
1183 3026 1313 3080 tam
1349 3016 1535 3082 valde
1569 3018 1837 3103 placeat,
1875 3016 2273 3082 Rhamnusia
2310 3016 2511 3104 virgo,

957 3110 1131 3193 quod
1166 3121 1401 3176 temere
1437 3110 1650 3175 invitis
1687 3112 2068 3196 suscipiatur
2102 3111 2244 3176 eris.

874 3227 1068 3288 quam
1101 3203 1314 3269 ieiuna
1346 3205 1522 3289 pium
1560 3205 1875 3271 desideret
1909 3229 2020 3269 ara
2055 3226 2368 3284 cruorem,

762 3313 836 3368 80
959 3298 1144 3362 docta
1178 3308 1275 3363 est
1309 3299 1540 3362 amisso
1575 3299 1933 3363 Laodamia
1967 3300 2125 3376 vir0,

872 3391 1160 3476 coniugis
1197 3401 1343 3456 ante
1380 3401 1599 3456 coacta
1633 3393 1780 3457 novi
1818 3393 2131 3458 dimittere
2168 3393 2420 3472 collum,

956 3508 1149 3570 quam
1185 3485 1444 3550 veniens
1480 3508 1608 3550 una
1643 3497 1835 3569 atque
1871 3488 2070 3552 altera
2102 3510 2322 3552 rursus
2356 3489 2601 3574 hiemps

869 3579 1163 3644 noctibus
1200 3579 1265 3643 in
1299 3577 1508 3665 longis
1544 3580 1804 3645 avidum
1842 3592 2188 3646 saturasset
2221 3604 2519 3660 amorem,

955 3683 1173 3759 posset
1205 3684 1277 3737 ut
1311 3674 1581 3758 abrupto
1617 3675 1830 3739 vivere
1867 3675 2184 3758 coniugiO,

763 3778 836 3834 85
870 3767 1044 3851 quod
1080 3767 1326 3831 scibant
1360 3789 1588 3851 parcae
1623 3788 1752 3831 non
1786 3768 1979 3853 longo
2014 3779 2298 3853 tempore
2333 3771 2576 3848 abesse,

958 3861 1011 3925 si
1047 3861 1226 3925 miles
1261 3883 1477 3925 muros
1511 3861 1665 3926 isset
1698 3860 1779 3924 ad
1817 3862 2076 3926 Iliacos:

870 3978 1021 4020 nam
1056 3965 1193 4020 tum
1227 3956 1529 4021 Helenae.
1553 3966 1738 4040 raptu
1776 3957 2083 4040 primores
2120 3957 2513 4042 Argivorum

959 4059 1256 4133 coeperat
1291 4049 1373 4113 ad
1409 4071 1546 4115 sese
1581 4048 1779 4113 Troia
1815 4051 1980 4115 ciere
2015 4051 2204 4126 viros,

873 4141 1067 4205 Troia
1103 4141 1333 4226 (nefas)
1371 4164 1706 4207 commune
1743 4144 2105 4228 sepulcrum
2142 4144 2339 4209 Asiae
2375 4143 2828 4232 Europaeque,

764 4246 837 4304 9'0
956 4235 1149 4300 Troia
1183 4236 1389 4301 virum
1427 4247 1487 4301 et
1524 4237 1829 4302 virtutum
1867 4238 2149 4302 omnium
2186 4239 2416 4304 acerba
2452 4241 2628 4318 cinis,
