3225 5171
1064 453 1420 497 ADNOTATIO
1467 455 1712 497 ORITIOA
2316 455 2475 498 CXXV

293 573 510 636 reduxi
553 573 816 653 probatis
861 573 944 632 eis
980 593 1132 653 quae
1165 573 1474 634 Vahlenus
1504 572 1845 652 disputavit
1876 573 2137 633 Hermae
2169 573 2294 634 XV
2328 576 2472 648 269,

297 670 365 719 ut
401 663 693 720 sententia
726 659 873 718 haec
908 660 1008 717 sit:
1049 659 1200 735 ‘eg0,
1238 677 1407 738 quae,
1446 657 1587 716 dum
1611 661 1783 737 virgo
1810 659 1924 717 fuit
1949 660 2248 732 Berenice,
2286 663 2473 718 omni-

297 746 410 805 bus
447 764 657 823 expers
695 763 855 803 eram
889 747 1225 820 unguentis,
1263 763 1383 802 una
1409 741 1698 822 (potione)
1726 744 1892 803 milia
1919 743 2104 803 multa
2130 745 2470 821 (unguenti)

292 850 435 890 cum
469 830 574 888 illa
607 829 779 900 bibi',
828 829 1050 888 scilicet
1095 829 1193 888 die
1235 830 1574 906 nuptiarum
1610 830 1752 889 eius.
1842 837 1901 889 et
1933 831 2349 908 interpretatus
2384 839 2474 888 est

297 917 384 974 ita
416 915 540 975 fere
573 915 732 973 hunc
765 913 962 972 locum
995 916 1115 972 iam
1149 914 1394 972 Ellisius
1430 916 1494 972 in
1522 913 1721 973 adnot.
1760 916 1977 987 critica,
2014 916 2131 973 nisi
2164 913 2325 994 quod
2358 935 2474 972 una

294 1021 435 1059 cum
496 1002 714 1075 quicum
773 1001 987 1058 iunxit.
1090 999 1286 1058 verbis
1349 1001 1594 1056 omnibus
1657 1019 1857 1075 expers
1909 1018 2080 1058 cruce
2139 1001 2473 1078 praeposita

294 1084 514 1145 deinde
563 1084 860 1143 Auratum
919 1090 1152 1143 secutus
1211 1087 1475 1158 unquenti
1521 1082 1679 1160 Syria·
1737 1086 1968 1163 scripsit
2016 1085 2334 1163 Hauptius.
2386 1116 2474 1127 —-

294 1170 382 1228 185
435 1191 474 1227 a
525 1165 908 1242 (coniunctim
961 1171 1239 1247 scriptum
1293 1189 1428 1228 cum
1485 1188 1633 1228 voce
1692 1189 1847 1249 quae
1899 1169 2186 1249 sequitur)
2238 1171 2311 1230 V.
2401 1172 2473 1228 ah

297 1256 616 1332 Hauptius.
670 1286 758 1295 —
810 1256 888 1313 93
941 1254 1125 1313 malui
1176 1253 1558 1332 depravatam
1610 1253 1880 1314 codicum
1938 1255 2251 1315 lectionem
2302 1258 2472 1331 signo

207 1339 212 1345 ’
295 1341 490 1398 crucis
540 1345 806 1398 notatam
857 1339 1137 1399 exhibere
1188 1359 1365 1419 quam
1409 1339 1780 1398 Lachmanni
1833 1343 2230 1399 coniecturam
2282 1343 2473 1398 sidera

294 1427 610 1482 corruerint
662 1426 908 1482 utinam!
959 1424 1226 1502 Hauptio
1280 1424 1528 1504 aliisque
1589 1425 1897 1503 probatam
1948 1427 2222 1503 recipere.
2318 1444 2472 1505 quae

294 1508 593 1589 quomodo
646 1529 781 1568 cum
841 1510 1135 1568 sententia
1191 1508 1399 1568 ultimo
1461 1528 1637 1568 versu
1697 1509 1853 1569 elata
1906 1511 2227 1569 consociari
2288 1512 2474 1588 possit

296 1615 509 1674 parum
552 1593 746 1653 video.
835 1613 1027 1673 neque
1058 1612 1209 1653 ¹vero
1253 1594 1437 1654 verba
1478 1598 1564 1653 ita
1607 1599 1927 1653 constituta
1970 1595 2122 1654 bene
2157 1594 2471 1653 cohaerent

294 1699 435 1738 cum
470 1679 968 1751 antecedentibus,
1012 1679 1078 1737 id
1122 1679 1281 1758 quod
1324 1681 1503 1738 etiam
1545 1682 1610 1737 in
1649 1680 1900 1740 Guarini
1944 1683 2337 1739 coniecturam
2373 1699 2473 1737 cur

297 1757 576 1822 retinent?
628 1772 685 1824 et
735 1765 1046 1844 plerasque
1099 1783 1300 1823 omnes
1345 1764 1516 1824 cadit.
1606 1772 1879 1836 ceterum,
1936 1785 2069 1823 cum
2110 1786 2166 1822 v.
2208 1766 2287 1823 92
2330 1765 2469 1824 libri

296 1870 422 1908 non
464 1851 646 1922 affice,
692 1849 795 1908 sed
831 1851 985 1923 effice
1026 1850 1365 1927 praebeant,
1411 1869 1638 1908 comam
1681 1849 1828 1909 haec
1869 1849 1995 1909 fere
2030 1849 2252 1909 dixisse
2284 1852 2471 1927 suspi-

300 1938 476 1993 ceris:
515 1934 722 2010 ‘largis
758 1933 929 1994 effice
964 1934 1304 1994 muneribus
1337 1942 1405 1992 ut
1432 1933 1625 1993 sidera
1654 1930 1825 2007 (mihi
1849 1931 2073 2010 vicina)
2104 1955 2270 1993 coma
2303 1939 2470 2010 regia

294 2019 429 2078 fieri
483 2038 768 2097 suumque
817 2021 884 2077 in
927 2020 1090 2078 caelo
1133 2019 1328 2077 locum
1373 2018 1735 2097 Hydrochoo
1782 2026 1841 2077 et
1882 2017 2092 2079 Orioni
2134 2020 2470 2097 relinquere

290 2105 542 2182 cupiant
552 2104 584 2162 ‘.
655 2103 759 2163 sed
793 2104 950 2162 hanc
985 2107 1335 2163 sententiam
1370 2111 1565 2162 errant
1601 2107 1705 2182 qui
1740 2122 1815 2162 ex
1858 2105 2003 2182 ipsis
2037 2104 2233 2162 verbis
2269 2105 2470 2182 qualia

285 2192 363 2248 *in
411 2188 581 2248 libris
631 2188 852 2247 tradita
901 2196 1040 2247 sunt
1089 2187 1225 2246 elici
1274 2206 1445 2266 posse
1491 2188 1851 2247 arbitrantur
1893 2187 2075 2264 (conf.
2111 2189 2356 2248 Ellisius
2400 2193 2464 2247 in

290 2273 496 2332 adnot.
535 2271 704 2348 crit).

423 2358 669 2418 LXVII
704 2357 739 2415 5
779 2367 909 2415 nato
941 2356 1366 2416 Froehlicbius.
1446 2367 1569 2415 voto
1606 2356 1758 2433 (noto
1792 2356 2172 2436 Dresdensis)
2204 2357 2360 2431 libri,
2407 2369 2467 2418 et

289 2445 384 2501 ita
425 2444 743 2521 Hauptius.
787 2473 872 2483 —
915 2445 1154 2516 malique
1189 2440 1241 2501 O
1279 2462 1414 2500 cum
1446 2442 1772 2502 Dresdensi
1816 2452 1875 2502 et
1917 2443 2242 2502 Harleiano
2282 2444 2464 2501 2574.

290 2532 537 2603 maliqno
573 2528 786 2608 reliqui
819 2527 974 2601 libri,
1011 2527 1326 2607 HauptiuS.
1406 2527 1557 2588 illud
1591 2536 1660 2587 ut
1692 2528 2109 2607 praeferamuS,
2145 2531 2294 2588 ratio
2330 2549 2466 2588 con-

293 2616 600 2673 cinnitatis
637 2613 858 2673 suadet.
928 2620 1165 2692 recepta
1198 2621 1394 2672 autem
1427 2614 1681 2673 lectione
1706 2618 1944 2689 malique
1978 2615 2108 2674 fieri
2134 2617 2239 2672 vix
2274 2623 2467 2693 potest

290 2706 364 2757 ut
391 2706 654 2759 servetur
677 2710 819 2757 voto·
891 2718 1083 2779 neque
1111 2702 1348 2758 omnino
1376 2700 1523 2757 haec
1550 2702 1840 2778 scriptura
1872 2699 2009 2757 talis
2035 2707 2123 2757 est
2147 2706 2214 2756 ut
2245 2702 2465 2758 iustum

290 2783 438 2843 inde
467 2791 762 2843 ·nascatur
814 2786 1183 2843 contrarium.
1271 2787 1488 2863 itaque,
1542 2803 1900 2862 quamquam
1942 2786 2007 2842 in
2049 2783 2162 2841 hoc
2205 2788 2464 2844 carmine

290 2876 507 2947 suapte
540 2877 752 2928 natura
785 2868 987 2947 paullo
1023 2868 1392 2946 impeditiore
1429 2888 1657 2926 summa
1692 2887 1838 2946 opus
1866 2887 1992 2927 esse
2028 2870 2300 2928 cautione
2335 2889 2465 2929 sen-

292 2957 398 3027 tio,
425 2961 627 3012 tamen
660 2974 782 3013 non
808 2953 1077 3013 dubitavi
1104 2953 1468 3013 Froehlichii
1503 2955 1899 3012 coniecturam
1925 2952 2244 3012 adsumere.
2313 2963 2463 3014 cete-

290 3059 428 3096 rum
463 3040 767 3096 universas
803 3040 1080 3096 carminis
1112 3041 1370 3097 rationes
1405 3036 1626 3116 proleg.
1654 3058 1711 3116 p.
1739 3038 1981 3097 XLVII
2000 3058 2042 3097 s.
2080 3042 2343 3117 exposui.
2377 3072 2464 3081 ——

294 3125 335 3181 9
373 3121 740 3201 parenthesis
785 3125 958 3198 signa
1000 3122 1196 3181 verbis
1240 3126 1321 3180 ita
1357 3123 1597 3180 Caecilio
1632 3154 1720 3164 —-
1753 3140 1897 3180 nunc
1932 3143 2052 3180 sum
2086 3124 2161 3182 ab
2196 3125 2461 3203 Hauptio

289 3216 357 3267 -et
405 3207 589 3284 vulgo
640 3205 910 3286 adposita
959 3215 1117 3265 recte
1158 3210 1409 3267 removit
1450 3206 1771 3267 Vahlenus.
1815 3239 1898 3249 —-
1947 3209 2024 3266 12
2069 3211 2222 3266 istud
2261 3213 2467 3285 populi

292 3313 444 3350 vana
494 3295 738 3367 loquella
784 3294 923 3365 facit
975 3294 1194 3370 scripsi.
1282 3295 1443 3350 istius
1486 3296 1693 3368 populi
1742 3296 1914 3351 ianua
1958 3297 2055 3369 qui
2104 3305 2156 3352 te
2203 3297 2344 3368 facit
2384 3297 2458 3355 V.

293 3380 452 3436 istud
491 3380 698 3453 populi
718 3425 721 3430 .
740 3378 961 3450 fabula,
1016 3376 1233 3448 Quinte,
1284 3380 1424 3450 facit
1464 3377 1900 3451 Lachmannus,
1954 3398 2129 3458 quem
2162 3380 2462 3458 Hauptius

292 3470 528 3522 secutus
570 3470 675 3535 est,
730 3464 942 3541 partim
987 3462 1061 3521 de
1105 3464 1441 3521 coniectura
1474 3460 1777 3540 Scaligeri.
1857 3481 2063 3523 verum
2104 3464 2276 3523 huius
2312 3465 2463 3523 illud

297 3547 498 3616 Quinte
530 3549 596 3605 in
629 3546 782 3606 falsa
817 3547 892 3606 de
925 3549 1305 3625 praenomine
1342 3547 1564 3607 Catulli
1599 3550 1877 3626 opinione
1910 3551 2133 3607 nititur.
2204 3558 2459 3609 ceterum

293 3632 656 3691 simillimam
691 3640 865 3712 atque
900 3651 1010 3709 ego
1046 3632 1398 3691 medicinam
1431 3635 1551 3691 iam
1583 3633 1849 3712 Heysius
1884 3641 2153 3712 corrupto
2194 3633 2324 3694 loco
2360 3634 2462 3692 ad·

295 3717 567 3776 hibuerat
602 3717 909 3777 scribendo
945 3720 1098 3775 istud
1121 3721 1324 3793 populi
1355 3739 1503 3776 vana
1529 3722 1756 3793 querela
1785 3719 1945 3791 facit.
1972 3747 2058 3759 —-
2096 3719 2173 3776 32
2212 3719 2462 3794 Cycneae

295 3804 592 3877 supposita
652 3806 910 3879 speculae
968 3803 1046 3863 Is.
1084 3803 1347 3863 Vossius.
1445 3804 1634 3861 chinea
1701 3806 2049 3879 suppositum
2107 3808 2337 3879 specula
2384 3805 2459 3863 V.

293 3887 535 3945 Chineae
567 3891 862 3964 supposita
895 3890 1152 3963 speculae
1187 3906 1357 3947 cruce
1383 3888 1621 3947 Chineae
1644 3890 1870 3947 nomini
1894 3891 2228 3966 praeposit-a
2252 3889 2462 3967 Haup-

293 3974 429 4031 tius.
464 4003 552 4013 —
586 3973 666 4030 33
701 3976 991 4049 percurrit
1035 3973 1188 4045 libri,
1234 3973 1391 4052 quod
1433 3976 1630 4033 nescio
1667 3994 1743 4032 an
1786 3976 1872 4033 ita
1906 3971 2145 4033 defendi
2178 3978 2363 4053 possit
2395 3981 2464 4033 ut

294 4056 659 4116 amniculum
691 4058 870 4116 istum
905 4060 1025 4137 qui,
1062 4065 1371 4138 postquam
1404 4059 1671 4117 Brixiam
1706 4060 2081 4137 percucurrit,
2118 4060 2183 4117 in
2218 4058 2462 4120 Mellam

295 4141 495 4200 influit
530 4174 612 4182 —-
645 4141 821 4203 hodie
857 4143 1054 4204 Garza
1087 4146 1426 4202 nominatur
1458 4177 1542 4186 —
1577 4146 1747 4223 quasi
1774 4143 2017 4202 alteram
2045 4144 2169 4203 eius
2204 4145 2464 4205 fluminis

295 4234 523 4306 partem
577 4226 780 4286 eodem
832 4230 1070 4289 nomine
1123 4249 1160 4289 a
1202 4236 1376 4308 poeta
1428 4229 1893 4309 conprehensum
1945 4247 2072 4288 esse
2125 4237 2466 4289 statuamus.
