3225 5171
286 3599 303 3643 s

241 3650 311 3699 67²1
324 3678 331 3686 ,
344 3658 367 3682 εἳ

1326 434 1353 478 γ’
1383 419 1616 475 LIBER.

465 539 628 605 haec
664 542 857 605 vestis
892 540 1116 625 priscis
1153 542 1477 606 hominum
1515 543 1759 607 variata
1792 544 2010 629 figuris

467 634 737 698 heroum
772 635 934 699 mira
969 635 1231 700 virtutes
1268 636 1506 702 indicat
1539 648 1694 701 arte.

467 750 745 811 namque
781 729 1157 793 fluentisono
1192 743 1602 815 prospectans
1639 732 1819 795 litore
1854 731 2023 796 Diae

471 821 726 886 Thesea
760 823 1086 887 cedentem
1124 823 1312 888 celeri
1349 846 1493 888 cum
1530 824 1731 889 classe
1769 835 1980 889 tuetur

466 914 809 980 indomitos
844 916 912 980 in
947 916 1135 982 corde
1172 940 1399 1001 gerens
1433 918 1725 982 Ariadna
1758 918 2027 994 furoreS,
2112 914 2116 917 ’

466 1010 746 1073 necdum
783 1010 973 1074 etiam
1002 1025 1147 1075 ‘sese
1182 1031 1348 1093 quae
1384 1010 1530 1075 visit
1564 1012 1768 1076 visere
1806 1011 2023 1086 credit,

467 1081 725 1191 utspote
761 1079 999 1206 fallat}
1007 1126 1172 1187 quae
1209 1115 1342 1167 tum
1378 1105 1653 1189 primum
1694 1106 1900 1169 excita
1935 1128 2155 1170 somno

471 1197 785 1259 desertam
821 1198 886 1260 in
923 1198 1059 1262 sola
1093 1198 1388 1262 miseram
1423 1221 1491 1263 se
1528 1209 1744 1262 cernat
1780 1199 2035 1262 harena.

466 1289 641 1362 inme
711 1313 783 1354 or
817 1302 896 1386 at!
915 1291 1161 1376 iuvenis
1199 1293 1461 1386 fugiens³
1486 1292 1667 1376 pellit
1700 1292 1866 1355 vada
1899 1292 2109 1369 remis,

441 1379 663 1448 ‘inrita
695 1395 993 1452 ventosae
1028 1386 1319 1468 linquens
1354 1386 1667 1471 promissa
1701 1385 2034 1470 procellae.

466 1469 671 1559 quemi
698 1479 920 1563 procul
958 1502 1036 1543 ex
1073 1479 1219 1563 alga
1255 1479 1510 1543 maestis
1544 1479 1788 1543 Minois
1820 1475 2037 1548 'ocellis

468 1594 665 1635 saxea
700 1584 773 1638 ut
808 1574 1054 1656 effigies
1090 1574 1459 1638 bacchantis
1495 1573 1819 1658 prospicit,
1857 1573 2040 1649 eheu,

470 1666 776 1750 prospicit
810 1677 875 1730 et
907 1668 1155 1751 magnis
1193 1690 1486 1731 curarum
1522 1668 1790 1731 fluctuat
1823 1667 2031 1742 undis,

468 1780 598 1822 non
633 1761 798 1823 flavo
834 1761 1109 1825 retinens
1147 1761 1443 1825 subtilem
1482 1761 1716 1825 vertice
1753 1761 2024 1837 mitram,

469 1875 602 1916 non
638 1864 927 1919 contecta
960 1855 1086 1919 levi
1121 1858 1155 1935 †
1191 1856 1468 1919 velatum
1505 1866 1728 1939 pectus
1765 1856 2020 1930 amictu,

468 1967 601 2011 non
640 1948 820 2012 tereti
857 1949 1136 2033 strophio
1171 1949 1461 2013 lactentis
1497 1949 1710 2012 vincta
1743 1948 2037 2033 papillas;

467 2042 686 2105 omnia
721 2064 883 2125 quae
920 2053 1049 2106 toto
1088 2042 1348 2127 delapsa
1383 2065 1417 2106 e
1455 2063 1718 2125 corpore
1753 2043 1990 2126 passim

471 2135 670 2219 ipsius
708 2146 855 2201 ante
891 2136 1085 2221 pedes
1122 2137 1351 2200 fluctus
1390 2136 1536 2199 salis
1575 2134 1985 2199 adludebant.

469 2237 570 2292 set
604 2250 812 2313 neque
847 2240 985 2292 tum
1020 2228 1242 2293 mitrae
1279 2251 1487 2312 neque
1523 2239 1660 2292 tum
1695 2229 1998 2293 fluitantis
2036 2230 2303 2296 amictus

467 2321 581 2387 illa
617 2321 822 2386 vicem
861 2344 1088 2387 curans
1126 2333 1256 2385 toto
1293 2346 1373 2387 ex
1410 2333 1471 2387 te
1507 2332 1785 2407 pectore,
1822 2322 2099 2399 Thesea,

470 2425 606 2479 toto
644 2414 874 2491 animo,
912 2426 1043 2479 tota
1079 2416 1397 2500 pendebat
1433 2416 1680 2500 perdita
1715 2426 1944 2481 mente.

474 2532 514 2572 a
549 2509 798 2588 misera,
837 2510 1117 2574 adsiduis
1155 2532 1348 2594 quam
1383 2510 1660 2574 luctibus
1697 2510 2051 2574 externavit

407 2602 417 2609 ²
471 2604 760 2688 spinosas
796 2604 1076 2690 Erycina
1112 2628 1326 2670 serens
1361 2605 1427 2669 in
1461 2617 1716 2691 pectore
1754 2629 1936 2669 curas

416 2698 582 2767 „illa
616 2709 1010 2784 tempestate,
1046 2700 1229 2765 ferox
1263 2722 1389 2782 quo
1427 2723 1506 2764 ex
1543 2710 1827 2784 tempore
1861 2699 2150 2764 Theseus

470 2814 765 2876 egressus
804 2793 1012 2857 curvis
1052 2817 1086 2858 e
1121 2794 1409 2859 litoribus
1444 2793 1658 2868 Piraei

469 2886 684 2970 attigit
716 2887 931 2950 iniusti
965 2888 1134 2970 regis
1173 2886 1485 2970 Gortynia
1519 2896 1709 2950 tecta.

474 3001 623 3042 nam
658 2979 990 3063 perhibent
1026 2980 1175 3044 olim
1213 2979 1452 3044 crudeli
1487 2992 1666 3063 peste
1705 2987 1989 3041 coactam

476 3072 986 3156 Androgeoneae
1022 3095 1259 3157 poenas
1297 3073 1591 3161 exolvere
1627 3071 1836 3135 caedis

472 3166 706 3230 electos
742 3165 1004 3229 iuvenes
1041 3166 1227 3229 simul
1264 3175 1327 3229 et
1363 3165 1561 3235 decus
1591 3165 2001 3248 innuptarum

476 3259 853 3345 Cecropiam
888 3259 1140 3323 solitam
1177 3282 1314 3324 esse
1351 3258 1578 3343 dapem
1601 3259 1770 3329 *dare
1805 3257 2192 3323 Minotauro,
2231 3284 2234 3287 ·

470 3353 617 3436 quis
653 3363 925 3438 angusta
960 3353 1141 3417 malis
1178 3376 1324 3417 cum
1368 3353 1618 3425 moenia
1654 3364 2052 3426 vexarentur,
2123 3374 2130 3379 ·

472 3448 610 3531 ipse
645 3470 829 3511 suum
867 3447 1155 3512 Theseus
1191 3469 1306 3530 pro
1344 3446 1504 3510 caris
1541 3468 1770 3530 corpus
1807 3444 2079 3535 Athenis

427 3548 457 3601 ιζ’
473 3542 755 3625 proicere
792 3542 1033 3625 opta-vit
1067 3542 1275 3625 potius
1310 3562 1501 3623 quam
1539 3540 1691 3604 talia
1727 3538 1992 3602 Oretani
2009 3536 2032 3572 ’·

432 3634 700 3729 &En-ega
737 3633 1086 3719 Cecropiae
1121 3656 1247 3698 nec·
1274 3634 1500 3698 funera
1533 3642 1949 3718 portarentur.

471 3739 665 3811 atque
701 3728 790 3792 ita
821 3751 986 3792 nave
1020 3729 1386 3799 levi-nitens
1423 3749 1498 3791 ac
1531 3727 1780 3791 lenibus
1816 3727 1983 3789 auris

475 3823 948 3908 magnanimum
989 3823 1070 3886 ad
1105 3823 1328 3886 Minoa
1365 3821 1536 3886 venit
1572 3821 1879 3902 sedesque
1916 3819 2239 3903 superbaS.

475 3916 646 3980 huno
682 3917 870 3982 simul
907 3939 982 3982 ac
1019 3917 1250 4002 cupido
1287 3917 1617 4000 conspexit
1652 3916 1887 3979 lumine
1925 3915 2103 3997 virgo

470 4010 672 4094 regia,
709 4033 901 4094 quam
940 4012 1152 4076 suavis
1190 4011 1483 4095 expirans
1521 4019 1732 4073 castus
1763 4010 1995 4083 odores

476 4105 743 4168 lectulus
778 4105 843 4168 in
879 4105 1402 4188 molli-conplexu
1436 4103 1653 4167 matris
1690 4103 1920 4179 alebat,

472 4197 696 4282 quales
733 4197 1012 4266 Eurotae
1049 4199 1440 4286 progignunt
1472 4198 1734 4262 flumina
1768 4207 2011 4282 myrtus

2430 411 2530 475 43⁴

2549 1034 2619 1089 55

2552 1502 2621 1556 60

2553 1971 2620 2024 65

2555 2439 2623 2492 70

2556 2907 2623 2962 75

2549 3374 2621 3428 80

2550 3841 2621 3895 85
