3225 5171
1224 408 1421 449 PROLE
1427 408 1637 450 Gom
1639 407 1682 448 A
2416 406 2544 449 CVII

360 526 587 584 ciscum
620 524 1049 585 Buechelerum
1094 545 1200 604 per
1242 526 1554 605 epistulam
1589 545 1662 585 ea
1696 524 1771 585 de
1813 544 1877 584 re
1913 524 2200 599 consului,
2245 529 2351 606 qui
2395 525 2543 584 mihi

362 628 429 669 se
464 609 627 670 idem
664 614 883 670 sentire
918 610 1222 688 respondit
1265 611 1616 689 addiditque
1650 612 1766 670 sibi
1800 630 2143 689 persuasum
2179 631 2305 670 esse
2342 610 2542 670 Catul-

363 694 488 752 lum
523 715 644 754 non
679 698 981 773 scripsisse
1015 698 1165 754 ludei
1197 703 1256 754 et
1289 695 1523 768 similia,
1563 695 1949 774 eundemque,
1988 716 2122 755 cum
2147 717 2234 753 zm
2266 699 2332 754 in
2365 698 2541 756 initio

357 780 610 854 Zmyrna
657 783 916 839 nominis
959 782 1262 858 posuisset,
1319 781 1475 861 quod
1519 780 1759 860 quidem
1801 781 1916 840 sibi
1959 789 2180 840 certum
2222 780 2539 853 videretur,

365 866 474 922 vix
511 869 708 943 putari
742 885 913 943 posse
946 885 1069 923 non
1103 886 1224 924 una
1260 886 1389 924 cum
1424 868 1535 924 isto
1573 887 1606 922 z
1644 868 1820 924 etiam
1854 886 1898 944 y
1931 861 2189 924 litteram
2222 868 2537 944 recepisse3

363 969 470 1027 pro
525 969 646 1028 qua
706 969 842 1008 cum
903 952 968 1008 in
1022 969 1288 1010 sermone
1349 950 1580 1030 plebeio
1634 970 1671 1006 u
1734 949 1946 1010 soleret
1997 970 2185 1030 usque
2246 951 2538 1023 substitui,

368 1033 545 1092 facile
597 1033 727 1094 fieri
776 1038 1038 1113 potuisse
1079 1043 1147 1094 ut
1188 1036 1328 1095 hinc
1372 1055 1445 1095 ea
1496 1035 1697 1095 littera
1741 1035 2005 1095 Graecae
2056 1035 2186 1094 loco
2230 1055 2430 1095 rursus
2473 1039 2542 1095 in

364 1126 629 1178 veterum
665 1119 895 1179 codices
928 1123 1229 1197 irreperet.

483 1205 705 1264 Textui
759 1204 905 1264 duos
965 1205 1195 1264 indices
1247 1206 1488 1278 subieci,
1553 1204 1803 1264 alterum
1855 1207 2163 1265 nominum
2215 1213 2275 1265 et
2324 1225 2537 1281 rerum,

356 1288 614 1348 alterum
664 1293 1128 1366 grammaticum.
1216 1293 1279 1348 in
1333 1291 1546 1370 quibus
1591 1310 1768 1350 voces
1823 1289 2157 1370 formasque
2202 1294 2540 1350 coniectura

361 1377 663 1433 restitutas
706 1375 781 1433 ab
837 1377 920 1433 eis
973 1394 1119 1453 quas
1174 1375 1404 1435 codices
1456 1375 1699 1435 tradunt
1759 1374 2020 1449 distinxi,
2083 1379 2168 1434 ita
2218 1383 2421 1435 tamen
2473 1383 2544 1435 ut

355 1458 655 1538 simplices
708 1459 1054 1519 mendorum
1106 1479 1258 1539 quae
1308 1464 1374 1519 in
1425 1461 1517 1519 his
1571 1463 1777 1520 insunt
1829 1461 2216 1520 correctiones
2260 1463 2380 1520 iam
2423 1463 2541 1540 pri-

367 1541 501 1615 dem
544 1544 730 1603 factas
776 1553 835 1604 et
877 1544 955 1604 ab
1000 1546 1270 1604 omnibus
1315 1545 1594 1624 deinceps
1639 1545 1963 1605 editoribus
2018 1553 2282 1624 receptas
2334 1554 2541 1606 notare

356 1628 817 1706 supersederem.
1731 1658 1735 1662 ·

487 1715 854 1774 Recensione
897 1715 1105 1774 horum
1149 1719 1476 1775 carminum
1531 1714 1636 1775 diu
1680 1713 1951 1774 absoluta
1996 1723 2054 1774 et
2105 1714 2539 1794 prolegomenis

355 1817 596 1877 quoque
656 1801 916 1858 maxima
976 1819 1052 1859 ex
1110 1809 1278 1878 parte
1343 1803 1689 1878 conscriptis
1739 1799 2077 1859 Alexandri
2127 1802 2343 1873 Riesii,
2405 1809 2541 1880 post

359 1882 610 1941 Aemilii
634 1883 981 1943 Baehrensii
1005 1887 1070 1942 in
1103 1883 1403 1945 Catullum
1430 1887 1883 1945 commentarius
1910 1883 1988 1942 ad
2014 1904 2108 1942 me
2141 1885 2403 1963 perlatus
2432 1893 2538 1945 est.

360 1966 653 2026 Ludovici
696 1968 996 2028 Schwabii
1039 1989 1196 2028 nova
1247 1978 1455 2048 poetae
1498 1971 1859 2030 Veronensis
1903 1972 2229 2046 recognitio
2274 1969 2540 2028 Berolini

360 2070 413 2110 a.
449 2053 608 2110 1886
647 2057 860 2113 emissa
895 2055 961 2112 in
986 2074 1195 2113 manus
1222 2074 1382 2114 meas
1417 2056 1706 2133 pervenit,
1745 2075 1879 2115 cum
1915 2056 1980 2113 in
2008 2073 2076 2113 eo
2104 2061 2256 2114 esset
2282 2061 2348 2113 ut
2381 2054 2541 2113 hanc

352 2134 680 2198 editionem
712 2142 873 2218 typis
912 2138 1360 2199 describendam
1397 2158 1677 2198 curarem.
