3225 5171
1268 434 1723 477 PROIAEGOMENA
2443 433 2592 473 LXXI

410 552 575 633 quod
620 570 855 610 carmen
892 570 966 610 ex
1010 557 1134 609 arte
1176 548 1592 611 Alexandrina
1634 551 1891 631 pendere
1924 554 2043 611 iam
2087 551 2227 610 inde
2270 552 2411 611 licet
2453 573 2583 611 con·

413 637 653 697 cludere
682 635 838 715 quod
871 635 1058 695 multa
1080 639 1432 695 recentiores
1460 647 1664 715 poetas
1692 637 1949 696 Graecos
1984 640 2047 695 in
2073 646 2318 695 matrem
2348 637 2592 697 deorum

415 730 600 782 metro
646 720 1019 798 galliambico
1064 723 1361 799 scripsisse
1403 722 1864 800 Hephaestionis
1906 743 1961 801 p.
2001 723 2079 779 39
2116 722 2381 799 Westph.
2428 727 2589 781 testi-

415 809 613 866 monio
675 812 918 865 constat.
996 825 1187 885 neque
1249 809 1408 866 enim
1466 814 1624 866 recte
1676 806 2078 884 Westphalius
2129 807 2591 884 Hephaestionis

412 911 546 952 esse
577 892 724 950 haec
756 890 941 950 verba
974 893 1230 967 negavit.
1308 912 1480 970 porro
1525 912 1658 951 cum
1702 892 1923 951 scholia
1965 891 2180 949 codicis
2216 891 2594 951 Saibantiani

420 976 500 1035 ad
545 976 603 1034 h.
647 977 687 1035 l.
733 973 812 1054 (p.
862 976 983 1033 194
1027 973 1322 1054 Westph.)
1375 997 1450 1037 ex
1501 978 1628 1035 istis
1679 979 1868 1055 poetis
1920 978 2267 1035 nominatim
2320 977 2593 1036 adferant

413 1060 872 1139 Callimachum,
943 1062 1113 1121 nobis
1173 1081 1406 1141 quoque
1473 1081 1818 1140 persuasum
1867 1069 1975 1133 „est
2035 1060 2181 1120 duos
2250 1081 2452 1121 versus
2514 1062 2589 1121 ab

415 1146 859 1225 Hephaestione
896 1148 1019 1205 sine
1054 1150 1293 1206 nomine
1326 1151 1580 1206 auctoris
1626 1149 1832 1206 citatos
1867 1146 2058 1218 hosce,
2104 1139 2331 1204 Γαλλαὶ
2374 1140 2595 1222 μητρὸς

415 1225 612 1309 ὀρείης
667 1225 1014 1310 φιλόθυρσοι
1076 1227 1390 1308 δρομάδες,
1448 1226 1567 1299 Αἶς
1608 1227 1777 1289 ἔντεα
1827 1236 2171 1309 παταγεῖται
2225 1224 2321 1289 καὶ
2370 1227 2592 1308 χάλκεα

419 1309 702 1393 κρόταλα,
740 1314 819 1374 ad
842 1315 1161 1375 Battiaden
1191 1316 1527 1377 referendos
1554 1336 1698 1389 esse,
1727 1315 1791 1374 id
1820 1314 1980 1395 quod
2004 1318 2124 1374 iam
2152 1316 2226 1375 ab
2256 1315 2327 1377 O.
2348 1315 2595 1376 Schnei-

418 1400 561 1460 dero
589 1400 821 1461 Gallim.
849 1401 934 1473 ΙΙ,
960 1422 1018 1479 p.
1050 1402 1169 1459 698
1199 1401 1536 1461 dubitanter
1570 1402 1895 1461 coniectum
1930 1421 2037 1479 pro
2074 1400 2377 1479 explorato
2413 1401 2594 1460 habet

419 1485 912 1546 Wilamowitzius
946 1488 1009 1544 in
1037 1487 1239 1545 Herm.
1266 1488 1439 1560 XIV,
1475 1508 1531 1565 p.
1564 1489 1703 1546 197.
1757 1505 1868 1545 nec
1901 1506 2209 1564 possumus
2245 1506 2363 1545 non
2402 1486 2594 1545 eidem

423 1570 707 1630 adsentiri
743 1591 777 1630 e
810 1571 1096 1630 feminino
1131 1574 1369 1631 nomine
1408 1571 1742 1644 Gallarum,
1790 1592 1907 1650 quo
1943 1579 2003 1630 et
2038 1570 2303 1630 Graecus
2339 1577 2399 1629 et
2433 1572 2596 1629 Lati-

421 1675 532 1714 nus
576 1665 751 1735 poeta
803 1658 1056 1715 eviratos
1103 1656 1357 1734 Cybeles
1410 1656 1739 1715 sacerdotes
1793 1655 2080 1732 singulari
2134 1674 2275 1714 sane
2326 1676 2439 1714 usu
2492 1655 2595 1713 ad-

420 1741 810 1820 pellaverunt,
849 1740 1252 1801 Catullianum
1288 1761 1522 1800 carmen
1557 1744 1622 1801 in
1656 1743 1983 1800 imitatione
2020 1740 2405 1800 Callimachei
2441 1742 2596 1818 posi-

420 1837 550 1883 tum
586 1845 712 1885 esse
748 1824 1065 1902 colligenti.
1119 1833 1374 1884 ceterum
1410 1846 1543 1886 cum
1577 1825 1767 1884 multa
1800 1833 2070 1885 extarent
2103 1827 2496 1883 recentiorum
2531 1828 2596 1884 in

421 1930 701 1986 magnam
737 1918 983 1970 matrem
1018 1913 1280 1969 carmina
1315 1910 1705 1987 galliambica‚
1752 1909 2134 1989 probabiliter
2170 1909 2440 1969 Catullus
2474 1931 2598 1969 non

420 2015 609 2054 unum
643 1996 829 2055 solum
871 2015 947 2056 ex
983 1998 1066 2054 eis
1102 2004 1334 2054 secutus
1379 2006 1483 2055 est.
1554 2014 1666 2054 nec
1709 1995 1922 2052 desunt
1964 1997 2028 2052 in
2070 1993 2281 2052 Attine
2324 2013 2399 2052 ex
2445 1997 2598 2052 anti·

421 2080 728 2159 quioribus
780 2080 1043 2139 fontibus
1095 2080 1324 2139 hausta.
1395 2080 1583 2139 veluti
1626 2079 1907 2138 Pasithea
1951 2078 2157 2136 Somni
2209 2098 2360 2135 uxor
2411 2099 2467 2136 v.
2512 2081 2595 2137 43

420 2174 876 2224 commemorata
919 2163 1080 2222 haud
1123 2164 1302 2223 dubie
1353 2184 1430 2223 ex
1471 2163 1666 2223 Iliade
1718 2164 1894 2221 fluxit
1936 2160 2114 2235 (XIV
2160 2163 2280 2220 269
2326 2170 2385 2221 et
2428 2162 2595 2240 276).

424 2241 681 2329 denique
733 2248 880 2307 illud
930 2251 1502 2308 incantamentorum
1556 2267 1791 2307 carmen
1851 2268 2009 2307 nunc
2068 2249 2374 2320 amissum,
2439 2249 2608 2327 quod.

420 2335 657 2394 Plinius
708 2341 828 2392 nat.
882 2333 1015 2391 hist.
1069 2333 1357 2392 XXVIII
1402 2337 1437 2391 2
1484 2332 1575 2411 (4)
1626 2335 1703 2391 19
1759 2353 1879 2391 una
1930 2352 2062 2392 cum
2112 2333 2602 2410 pharmaceutriis

420 2419 728 2477 Theocriti
762 2425 818 2476 et
844 2417 1096 2493 Vergilii
1125 2418 1331 2495 ecloga
1356 2419 1514 2478 VIII
1550 2418 1845 2496 significat
1872 2414 1952 2493 (v.
1980 2417 2189 2494 fragm.
2219 2416 2352 2492 IV),
2383 2418 2603 2478 Graeci

422 2503 622 2582 idyllii
657 2501 928 2580 exemplo
965 2501 1190 2561 factum
1223 2503 1405 2563 fuisse
1439 2524 1614 2563 nemo
1652 2506 1763 2564 erit
1796 2506 1899 2583 qui
1935 2512 2127 2580 neget.
2182 2505 2384 2582 itaque
2417 2506 2602 2563 maio·

422 2609 556 2648 rum
600 2587 1043 2668 doctiorumque
1088 2592 1413 2649 carminum
1456 2590 1678 2650 Catulli
1720 2610 1902 2649 unum
1945 2608 2294 2648 conversum
2339 2609 2371 2648 e
2418 2590 2602 2649 Calli-

423 2673 650 2746 mach0,
691 2673 973 2752 conplura
1009 2682 1112 2732 aut
1144 2677 1488 2734 inventione
1523 2682 1626 2734 aut
1668 2677 2072 2753 conpositione
2108 2683 2211 2732 aut
2251 2682 2500 2753 utraque
2534 2695 2600 2734 re

424 2778 503 2819 ex
537 2767 661 2818 arte
696 2765 1003 2838 poetarum
1029 2759 1573 2835 Alexandrinorum
1608 2769 1749 2838 apta
1782 2778 1910 2819 esse
1934 2759 2208 2818 vidimus.
2261 2762 2602 2836 posterioris

424 2846 662 2921 generis
697 2864 820 2903 non
854 2843 1025 2902 nulla
1059 2848 1238 2903 etiam
1272 2846 1426 2903 inter
1459 2848 1689 2904 minora
1723 2845 1915 2921 lyrica
1949 2852 2007 2902 et
2042 2847 2467 2921 epigrammata
2503 2843 2599 2903 de-

422 2928 883 3007 prehenduntur.
952 2929 1074 2988 tale
1117 2949 1243 2989 esse
1288 2950 1335 2988 c.
1378 2930 1555 2988 XLV
1599 2949 1677 2989 ex
1716 2931 1992 2988 universo
2039 2931 2163 2987 eius
2207 2948 2350 2987 sono
2396 2928 2600 3005 colligi

423 3021 633 3092 potest,
671 3033 781 3072 nec
817 3014 1071 3073 alienam
1104 3013 1286 3073 fuisse
1322 3014 1395 3073 ab
1421 3013 1837 3073 Alexandrina
1870 3015 2036 3092 poesi
2069 3016 2304 3072 Amoris
2339 3014 2600 3072 faustum

424 3115 604 3157 omen
639 3099 993 3157 sternuentis
1027 3101 1350 3175 imaginem
1385 3099 1738 3158 Theocritus
1773 3099 1899 3158 VII
1936 3100 2014 3157 96
2053 3098 2323 3157 ostendit.
2385 3101 2600 3158 certius

426 3184 610 3242 etiam
646 3181 721 3241 de
757 3201 804 3240 c.
830 3182 1013 3240 LXX
1037 3182 1320 3242 iudicium
1356 3192 1459 3257 est,
1499 3186 1595 3243 cui
1630 3204 1766 3242 cum
1792 3183 2144 3243 Callimachi
2179 3186 2600 3262 epigrammate

424 3267 682 3327 XXVII
733 3265 909 3326 Schn.
965 3267 1111 3327 adeo
1164 3272 1461 3342 convenit,
1524 3269 1637 3328 hoc
1688 3277 1757 3328 ut
1809 3268 2041 3329 Catullo
2094 3268 2227 3327 illos
2278 3269 2600 3328 versiculos

424 3352 709 3413 scribenti
750 3371 855 3429 pro
901 3352 1171 3430 exemplo
1215 3352 1396 3412 fuisse
1441 3353 1805 3414 confidenter
1846 3354 2159 3412 adfirmare
2208 3353 2410 3412 liceat:
2462 3374 2601 3412 nam

427 3458 562 3500 cum
614 3438 940 3496 sententiae
984 3438 1050 3494 in
1091 3444 1340 3517 utroque
1392 3440 1610 3498 similes
1664 3442 1797 3511 sint,
1850 3447 1977 3496 tum
2029 3437 2233 3497 eadem
2285 3437 2462 3515 plane
2514 3446 2604 3497 est

425 3524 712 3581 orationis
748 3521 1150 3593 conformatiO,
1188 3525 1740 3602 accuratissimeque
1774 3522 2132 3601 respondent
2167 3522 2281 3581 sibi
2314 3543 2371 3580 v.
2411 3526 2443 3579 1
2473 3530 2533 3580 et
2559 3524 2597 3580 3

426 3606 535 3681 illa
566 3599 792 3681 ’Ώμοσε
827 3637 911 3647 -·
936 3597 1213 3680 Ὤμοσεν·
1284 3600 1439 3665 ἄλλοί
1495 3615 1555 3667 et
1596 3610 1729 3666 dicit
1764 3639 1848 3648 —
1882 3609 2068 3664 Dz‘cit:
2123 3608 2235 3663 sed.
2307 3613 2369 3663 at
2420 3608 2593 3678 enim,

426 3690 924 3771 quemadmodum
969 3691 1237 3751 Catullus
1281 3694 1346 3750 in
1388 3694 1580 3770 priore
1625 3691 1875 3751 disticho
1917 3712 1958 3749 a
1997 3700 2206 3769 poetae
2242 3690 2600 3767 Cyrenensis

430 3781 721 3837 sententia
764 3777 1133 3857 aliquantum
1176 3776 1445 3850 deflexit,
1490 3779 1710 3856 quippe
1754 3779 1895 3855 quia
1934 3778 2065 3854 ipsa
2107 3774 2289 3834 verba
2329 3774 2599 3849 Lesbiae,

427 3864 541 3922 etsi
574 3862 818 3921 fortasse
853 3860 1183 3941 paullulum
1226 3863 1548 3932 immutata,
1591 3860 1789 3935 refert,
1831 3863 1931 3933 ita,
1976 3859 2133 3939 quod
2176 3861 2240 3918 in
2282 3862 2603 3936 posteriore

429 3946 932 4006 adseverationem
969 3946 1229 4006 mulieris
1265 3947 1349 4004 ait
1383 3948 1446 4004 in
1470 3952 1649 4004 vento
1685 3953 1745 4004 et
1778 3966 1934 4025 aqua
1960 3945 2137 4004 scribi
2163 3952 2444 4022 oportere,
2481 3945 2603 4004 alia

429 4040 607 4110 atque
652 4031 1064 4104 Callimachus,
1121 4031 1225 4090 sed
1276 4034 1416 4090 item
1461 4030 1694 4090 Graeca
1745 4032 2004 4107 imagine
2056 4050 2196 4089 usus
2249 4038 2350 4089 est.
2421 4050 2600 4129 quam

425 4126 629 4175 tamen
655 4120 760 4174 vix
784 4125 1056 4194 putamus
1092 4136 1125 4176 e
1160 4136 1335 4176 versu
1360 4116 1464 4174 illo
1492 4114 1821 4193 Sophocleo
1849 4107 2058 4192 ὅρκους
2091 4107 2200 4192 ἐγὼ
2226 4135 2493 4191 γυναικος
2518 4110 2602 4180 εἰς

428 4193 584 4283 ὕδωρ
620 4196 828 4279 γράφω
853 4199 1086 4280 (fragm.
1121 4204 1238 4260 741
1261 4200 1364 4278 N.)
1385 4200 1756 4281 adsumptam
1782 4219 1924 4274 esse,
1953 4219 2104 4280 quae
2128 4202 2178 4259 Ι.
2200 4199 2272 4259 G.
2301 4199 2604 4259 Huschkii
