3225 5171
1188 458 1643 502 PROLBGOMENA
2401 457 2509 515 xix

327 577 570 638 Metello
605 580 1043 637 matrimonium
1077 598 1115 636 a
1145 579 1336 656 primo
1372 598 1494 637 non
1528 586 1735 637 mutua
1758 577 2079 651 voluntate,
2114 586 2318 656 utpote
2354 578 2509 637 inter

329 665 508 722 nimis
552 663 831 741 dispares,
876 660 1143 722 iunctum
1188 663 1368 722 fuisse
1413 665 1831 723 existimemus.
1904 665 2120 724 etenim
2164 683 2298 722 cum
2341 662 2509 721 illam

331 748 532 807 omnia
583 748 841 808 clament
892 748 1223 808 abundasse
1273 750 1543 825 ingeni0,
1596 747 1709 815 hic.
1744 769 1865 807 non
1916 756 2108 826 potest
2158 769 2280 807 non
2331 748 2506 807 homo

330 835 582 906 ieiunus,
616 833 836 906 tardus,
874 833 1054 893 hebes
1089 832 1286 892 fuisse.
1341 853 1463 912 qua
1498 832 1572 892 de
1606 842 1822 904 natura
1856 835 1983 892 eius
2009 832 2270 911 locuples
2299 832 2506 892 Cicero

329 919 495 977 testis
548 926 660 990 est,
715 921 823 997 qui
865 921 1030 997 epist.
1076 917 1153 976 ad
1185 916 1311 975 Att.
1347 918 1382 976 I
1421 918 1498 974 18
1549 921 1602 990 1,
1658 918 1800 977 dum
1844 919 1960 977 sibi
2004 920 2262 980 maxime
2307 917 2508 977 deesse

330 1004 594 1081 queritur
628 1003 930 1063 hominem
974 1023 1108 1063 eum
1143 1022 1396 1082 quocum
1439 1005 1640 1061 omnia
1675 1023 1828 1082 quae
1872 1023 1936 1063 se
1979 1024 2119 1063 eura
2161 1003 2363 1081 aliqua
2408 1003 2507 1061 ad-

328 1087 536 1146 ficiant
577 1090 992 1160 communicet,
1039 1090 1142 1166 qui
1186 1106 1249 1146 se
1292 1096 1473 1161 amet,
1529 1090 1634 1166 qui
1676 1090 1933 1167 sapiat,
1977 1091 2218 1168 quicum
2260 1089 2388 1167 ipse
2433 1107 2508 1148 ex

329 1175 529 1231 animo
554 1172 847 1252 loquatur,
886 1172 1227 1242 ‘Metellus,’
1263 1174 1473 1251 inquit,
1513 1173 1659 1231 ‘non
1687 1172 1879 1246 hom0‚
1916 1173 2027 1233 sed
2060 1173 2260 1232 ‘litus
2295 1182 2534 1252 atque*

330 1264 454 1316 aer
487 1265 555 1317 et
589 1257 906 1317 solitudo
941 1257 1170 1330 mera,’
1192 1256 1207 1283 ‘
1245 1277 1400 1336 quae
1426 1257 1612 1316 verba
1640 1265 1841 1317 nostro
1876 1257 2110 1317 saeculo
2146 1260 2508 1336 ineptissime

331 1363 368 1401 a
403 1342 756 1422 quibusdam
789 1350 1075 1422 temptata
1109 1339 1494 1422 (quamquam
1528 1345 1689 1400 viam
1724 1343 1801 1402 ad
1844 1342 2248 1420 intellegenda
2283 1362 2354 1402 ea
2387 1345 2508 1401 iam

329 1427 577 1486 Paullus
619 1429 941 1502 Manutius,
993 1428 1139 1493 Aus.
1184 1427 1431 1506 Popma‚
1485 1427 1589 1486 alii
1640 1425 2135 1502 monstraverant)
2188 1430 2509 1488 rectissime

331 1532 522 1591 nuper
572 1512 904 1573 vindicavit
952 1512 1258 1573 Vahlenus
1309 1514 1374 1570 in
1425 1514 1723 1591 prooemio
1775 1512 1897 1572 ind.
1953 1513 2085 1572 lect.
2140 1513 2332 1572 Berol.
2384 1512 2506 1573 hib.

331 1618 383 1657 a.
426 1598 543 1655 187
551 1599 862 1672 9-1880,
900 1619 957 1677 p.
997 1600 1072 1655 11
1097 1618 1141 1656 s.
1178 1616 1371 1677 neque
1405 1596 1518 1656 hoc
1548 1596 1849 1657 Ciceronis
1885 1596 2171 1657 iudicium
2207 1618 2329 1656 non
2363 1618 2506 1677 quo·

328 1682 469 1753 dam
521 1682 696 1743 modo
758 1683 1110 1743 confirmant
1168 1684 1334 1761 ipsae
1386 1682 1616 1742 Metelli
1675 1683 1909 1742 litterae
1960 1683 2102 1742 illae
2152 1686 2510 1759 arrogantis-

331 1770 516 1828 simae
550 1775 610 1828 et
640 1771 857 1848 partim
898 1767 1184 1827 ridiculae
1218 1786 1371 1846 quae
1416 1775 1626 1827 extant
1664 1763 1805 1828 libri
1837 1768 1897 1828 V
1931 1767 2161 1846 epistul.
2198 1767 2279 1826 ad
2320 1767 2505 1827 famil.

330 1855 523 1913 initio,

462 1936 892 2017 Conposuimus
935 1937 1128 1999 adhuc
1162 1957 1315 2017 quae
1360 1937 1764 1997 demonstrent
1805 1938 2125 2012 imaginem
2169 1940 2507 1998 universam

333 2021 579 2082 Clodiae
603 2022 1059 2103 quadrantariae
1085 2031 1145 2082 et
1165 2023 1422 2082 Lesbiae
1451 2021 1834 2091 Catullianae
1865 2021 2115 2079 eandem
2142 2041 2286 2081 esse.
2342 2024 2504 2102 quid,

329 2109 384 2167 si
418 2109 595 2167 etiam
632 2108 902 2186 singulae
935 2127 1030 2168 res
1059 2108 1138 2166 ad
1171 2109 1480 2186 utriusque
1507 2109 1695 2165 vitam
1721 2107 2083 2184 pertinentes
2110 2108 2509 2181 conveniunt?

327 2192 414 2252 M.
463 2191 731 2252 Caelium
773 2192 1000 2252 Rufum
1043 2199 1356 2265 oratorem,
1410 2191 1710 2250 hominem
1762 2190 2016 2250 candore
2070 2193 2324 2269 corporis
2366 2194 2508 2252 insi-

329 2297 509 2355 gnem
547 2274 727 2352 (conf.
767 2276 890 2337 Cic.
925 2298 983 2356 p.
1023 2275 1182 2336 Cael.
1222 2276 1256 2350 ἓ
1295 2278 1331 2333 6
1369 2283 1429 2335 et
1465 2273 1572 2353 36)
1609 2283 1685 2350 et,
1730 2282 1799 2334 ut
1833 2278 2012 2334 etiam
2046 2296 2206 2335 nunc
2240 2285 2509 2338 servatae

328 2363 504 2422 nobis
539 2362 828 2441 epistulae
863 2363 988 2421 eius
1032 2369 1338 2433 testantur,
1387 2362 1761 2438 ingeniosum
1806 2360 2174 2440 aliquamdiu
2218 2381 2351 2421 cum
2392 2365 2508 2422 ista

331 2446 548 2507 Clodia
582 2447 955 2507 moechatum
989 2465 1115 2506 esse
1153 2446 1452 2506 Ciceronis
1497 2448 1681 2505 oratio
1724 2466 1832 2524 pro
1868 2465 1938 2505 eo
1981 2447 2187 2505 habita
2230 2447 2505 2508 ostendit.

329 2535 588 2613 quiquo
623 2531 870 2596 solutius
907 2552 1041 2592 eum
1074 2531 1186 2591 hac
1220 2531 1466 2602 muliere
1510 2530 1793 2609 congredi
1835 2540 2049 2611 posset,
2096 2530 2335 2592 domum
2370 2553 2506 2593 eon-

330 2619 583 2678 duxerat
624 2620 690 2677 in
741 2618 936 2677 insula
976 2617 1045 2677 P.
1092 2616 1288 2677 Clodii
1337 2620 1402 2676 in
1443 2617 1677 2677 Palatio
1721 2615 1801 2695 (p.
1850 2616 2010 2677 Cael.
2065 2616 2099 2691 ἓ
2146 2621 2223 2675 17
2253 2638 2296 2677 s.
2351 2619 2503 2679 conf.

328 2704 713 2764 Drumannus
747 2704 833 2776 H,
871 2724 926 2782 p.
963 2699 1131 2777 377),
1167 2704 1233 2761 in
1268 2722 1387 2781 qua
1420 2709 1554 2780 post
1586 2710 1833 2761 mortem
1869 2711 2026 2763 certe
2062 2704 2256 2762 mariti
2294 2702 2505 2763 Clodia

331 2808 564 2868 quoque
597 2788 907 2849 habitabat
950 2784 1130 2864 (conf.
1173 2808 1233 2867 p.
1272 2786 1433 2847 Cael.
1471 2786 1505 2862 ἓ
1545 2788 1643 2846 18.
1680 2789 1758 2845 36
1790 2807 1832 2846 s.
1870 2789 1969 2845 47.
2012 2785 2143 2861 75),
2191 2790 2308 2847 nisi
2352 2788 2503 2848 forte

330 2874 558 2934 Metelli
601 2873 778 2935 aedes
825 2882 884 2934 et
924 2876 1092 2953 ipsae
1133 2875 1199 2932 in
1232 2872 1467 2932 Palatio
1510 2875 1660 2932 sitae
1702 2879 1762 2931 et
1802 2873 1871 2931 P.
1910 2871 2107 2932 Clodii
2149 2874 2506 2950 possessioni

329 2961 563 3019 vicinae
596 2967 767 3019 erant
800 2956 977 3036 (conf.
1022 2957 1167 3017 ibid.
1205 2957 1239 3032 ᾗ
1279 2959 1358 3016 59
1388 2955 1478 3032 s.).
1547 2959 1670 3015 iam
1712 2958 1865 3015 inter
1910 2956 2173 3016 aemulos
2208 2978 2353 3036 quos
2391 2956 2502 3017 Ca-

328 3044 511 3106 tullus
561 3046 626 3102 in
677 3062 876 3103 amore
917 3044 1173 3111 Lesbiae
1224 3043 1434 3102 habuit
1484 3042 1664 3101 etiam
1706 3040 1930 3100 Rufum
1973 3042 2270 3120 quendam
2322 3043 2506 3103 fuisse

328 3127 604 3201 vidimus,
643 3147 819 3207 quem
852 3131 1055 3187 omnia
1085 3148 1197 3187 sua
1229 3128 1343 3187 sibi
1379 3128 1566 3186 amico
1599 3127 1761 3186 bona
1795 3129 2077 3204 eripuisse
2112 3147 2159 3185 c.
2194 3127 2506 3188 LXXVII

330 3213 544 3274 acerbe
585 3226 760 3291 poeta
793 3216 1072 3292 queritur.
1142 3232 1260 3293 quo
1301 3214 1366 3271 in
1408 3212 1639 3271 aemulo
1676 3213 1821 3291 quin
1855 3212 1937 3271 M.
1977 3210 2243 3271 Caelium
2280 3214 2505 3272 Rufum

330 3298 764 3375 adgnoscamus
817 3296 968 3356 nihil
1019 3300 1257 3357 omnino
1309 3298 1554 3375 inpedit.
1626 3317 1767 3355 nam
1810 3296 1969 3375 quod
2019 3298 2188 3356 illum
2234 3297 2504 3357 Catullus

332 3404 380 3444 c.
415 3383 633 3446 LXIX
665 3391 904 3461 propter
937 3382 1163 3441 alarum
1196 3383 1426 3441 hircum
1460 3404 1496 3441 a
1529 3382 1789 3460 pulchris
1824 3382 2038 3461 puellis
2072 3383 2201 3460 fugi
2237 3383 2395 3457 dicit,
2440 3382 2506 3441 id

331 3488 504 3534 nemo
557 3488 701 3528 sano
752 3466 973 3526 iudicio
1023 3467 1323 3545 praeditus
1375 3470 1691 3547 quicquam
1744 3470 1808 3525 in
1862 3472 2217 3527 contrariam
2275 3476 2503 3546 partem

330 3554 547 3616 valere'
566 3554 682 3618 sibi
715 3552 1109 3632 persuadebit.
1181 3552 1390 3631 quodsi
1425 3573 1474 3613 c.
1511 3552 1813 3625 LXXIII,
1850 3554 1913 3610 in
1949 3573 2064 3632 quo
2098 3562 2275 3631 poeta
2308 3553 2384 3612 de
2416 3555 2505 3611 in-

331 3647 502 3716 grato
546 3658 616 3697 ac
667 3636 894 3717 perfido
947 3639 1143 3696 animo
1193 3638 1449 3696 hominis
1491 3638 1757 3717 queritur
1799 3639 1902 3716 qui
1952 3656 2016 3696 se
2066 3636 2240 3696 modo
2294 3637 2507 3695 ‘unum

333 3732 512 3803 atque
571 3725 816 3786 unicum
877 3723 1160 3782 amicum’
1211 3722 1510 3796 habuerit,
1573 3722 1630 3779 h.
1686 3740 1733 3780 e.
1795 3741 2079 3798 magnum
2139 3721 2392 3800 aliquod²
2440 3725 2506 3780 in

332 3811 623 3885 angustiis
672 3808 1028 3869 beneficium
1081 3806 1213 3865 aliis
1265 3807 1697 3885 denegantibus
1750 3826 1787 3864 a
1838 3814 2022 3867 semet
2080 3809 2371 3885 acceperit
2420 3839 2508 3848 -—

333 3915 474 3956 nam
518 3895 604 3953 ita
643 3913 878 3954 versum
926 3895 962 3950 6
1008 3891 1476 3969 intellegendum
1519 3910 1647 3951 esse
1692 3890 1962 3951 dubitare
2004 3912 2127 3951 non
2170 3899 2361 3970 potest
2403 3895 2508 3971 qui

336 3978 416 4039 ad
449 3997 520 4038 ea
554 3998 707 4059 quae
742 3978 1100 4038 antecedunt
1135 3979 1549 4054 cogitationem
1586 3976 1844 4035 intendit
1874 4008 1961 4018 --
1996 3980 2063 4050 si,
2098 3980 2360 4056 inquam,
2395 3978 2511 4036 hoc

337 4082 570 4144 quoque
605 4082 841 4123 carmen
876 4083 1055 4143 supra
1086 4071 1246 4123 recte
1281 4062 1359 4121 ad
1392 4062 1634 4134 Rufum,
1663 4080 1848 4141 ¹quem
1874 4062 1955 4121 M.
1988 4060 2257 4122 Caelium
2284 4063 2509 4121 Rufum

337 4166 467 4209 esse
492 4150 860 4222 arbitramur,
895 4148 1244 4221 rettulimuS,
1283 4166 1417 4207 eum
1445 4147 1607 4206 haud
1633 4149 1834 4225 inepte
1860 4150 2152 4225 suspicere
2176 4148 2347 4207 brevi
2375 4156 2512 4206 ante

336 4254 514 4314 quam
559 4253 695 4293 cum
737 4233 950 4295 Clodia
991 4253 1117 4294 rem
1158 4233 1377 4303 habere
1419 4234 1707 4310 inciperet
1753 4241 2025 4312 prompta
2069 4231 2293 4292 Catulli
2336 4251 2514 4311 opera

2096 4328 2174 4370 Β.
