<?xml version="1.0" encoding="UTF-8"?>
<!DOCTYPE html PUBLIC "-//W3C//DTD XHTML 1.0 Transitional//EN"
    "http://www.w3.org/TR/xhtml1/DTD/xhtml1-transitional.dtd">
<html xmlns="http://www.w3.org/1999/xhtml" xml:lang="en" lang="en">
 <head>
  <title>
</title>
<meta http-equiv="Content-Type" content="text/html;charset=utf-8" />
  <meta name='ocr-system' content='tesseract 3.04.00' />
  <meta name='ocr-capabilities' content='ocr_page ocr_carea ocr_par ocr_line ocrx_word'/>
</head>
<body>
  <div class='ocr_page' id='page_1' title='image "./cvalericatulliv00schmgoog_0097.png"; bbox 0 0 3225 5171; ppageno 0'>
   <div class='ocr_carea' id='block_1_1' title="bbox 1160 423 2484 469">
    <p class='ocr_par' dir='ltr' id='par_1_1' title="bbox 1160 423 2484 469">
     <span class='ocr_line' id='line_1_1' title="bbox 1160 423 2484 469; baseline -0.002 -2"><span class='ocrx_word' id='word_1_1' title='bbox 1160 425 1570 469; x_wconf 73' lang='lat' dir='ltr'>PBOLEGOMEN</span> <span class='ocrx_word' id='word_1_2' title='bbox 1573 424 1615 464; x_wconf 85' lang='lat' dir='ltr'>A</span> <span class='ocrx_word' id='word_1_3' title='bbox 2250 423 2484 464; x_wconf 77' lang='lat' dir='ltr'>LXXXIX.</span> 
     </span>
    </p>
   </div>
   <div class='ocr_carea' id='block_1_2' title="bbox 293 541 2488 4268">
    <p class='ocr_par' dir='ltr' id='par_1_2' title="bbox 294 541 2488 3509">
     <span class='ocr_line' id='line_1_2' title="bbox 302 541 2486 624; baseline -0.002 -20"><span class='ocrx_word' id='word_1_4' title='bbox 302 544 592 624; x_wconf 74' lang='lat' dir='ltr'>dactyluS,</span> <span class='ocrx_word' id='word_1_5' title='bbox 628 550 697 603; x_wconf 92' lang='lat' dir='ltr'>ut</span> <span class='ocrx_word' id='word_1_6' title='bbox 723 564 767 603; x_wconf 74' lang='lat' dir='ltr'>c</span> <span class='ocrx_word' id='word_1_7' title='bbox 797 544 1006 604; x_wconf 88' lang='lat' dir='ltr'>LXIV</span> <span class='ocrx_word' id='word_1_8' title='bbox 1029 544 1125 602; x_wconf 87' lang='lat'>74.</span> <span class='ocrx_word' id='word_1_9' title='bbox 1180 544 1514 623; x_wconf 88' lang='lat' dir='ltr'>frequentes</span> <span class='ocrx_word' id='word_1_10' title='bbox 1549 563 1689 604; x_wconf 87' lang='lat' dir='ltr'>vero</span> <span class='ocrx_word' id='word_1_11' title='bbox 1719 549 1857 602; x_wconf 91' lang='lat' dir='ltr'>sunt</span> <span class='ocrx_word' id='word_1_12' title='bbox 1892 543 1944 600; x_wconf 89' lang='lat' dir='ltr'>ei</span> <span class='ocrx_word' id='word_1_13' title='bbox 1979 544 2043 601; x_wconf 91' lang='lat' dir='ltr'>in</span> <span class='ocrx_word' id='word_1_14' title='bbox 2078 542 2291 623; x_wconf 90' lang='lat' dir='ltr'>quibus</span> <span class='ocrx_word' id='word_1_15' title='bbox 2316 541 2486 602; x_wconf 86' lang='lat' dir='ltr'>idem·</span> 
     </span>
     <span class='ocr_line' id='line_1_3' title="bbox 297 627 2484 709; baseline -0.002 -19"><span class='ocrx_word' id='word_1_16' title='bbox 297 649 404 709; x_wconf 89' lang='lat' dir='ltr'>pes</span> <span class='ocrx_word' id='word_1_17' title='bbox 458 632 523 688; x_wconf 92' lang='lat' dir='ltr'>in</span> <span class='ocrx_word' id='word_1_18' title='bbox 585 630 711 688; x_wconf 89' lang='lat' dir='ltr'>sola</span> <span class='ocrx_word' id='word_1_19' title='bbox 763 629 903 689; x_wconf 90' lang='lat' dir='ltr'>sede</span> <span class='ocrx_word' id='word_1_20' title='bbox 968 632 1177 708; x_wconf 86' lang='lat' dir='ltr'>quinta</span> <span class='ocrx_word' id='word_1_21' title='bbox 1241 636 1534 708; x_wconf 89' lang='lat' dir='ltr'>conparet.</span> <span class='ocrx_word' id='word_1_22' title='bbox 1623 627 1741 686; x_wconf 86' lang='lat' dir='ltr'>vid.</span> <span class='ocrx_word' id='word_1_23' title='bbox 1769 628 2171 687; x_wconf 76' lang='lat' dir='ltr'>‘Baumannus</span> <span class='ocrx_word' id='word_1_24' title='bbox 2215 649 2271 706; x_wconf 89' lang='lat' dir='ltr'>p.</span> <span class='ocrx_word' id='word_1_25' title='bbox 2307 627 2372 685; x_wconf 90' lang='lat' dir='ltr'>X</span> <span class='ocrx_word' id='word_1_26' title='bbox 2397 648 2484 687; x_wconf 66' lang='lat' dir='ltr'>ss-</span> 
     </span>
     <span class='ocr_line' id='line_1_4' title="bbox 302 712 2478 793; baseline -0.001 -19"><span class='ocrx_word' id='word_1_27' title='bbox 302 714 380 774; x_wconf 90' lang='lat' dir='ltr'>ad</span> <span class='ocrx_word' id='word_1_28' title='bbox 433 722 830 793; x_wconf 81' lang='lat' dir='ltr'>pentametros</span> <span class='ocrx_word' id='word_1_29' title='bbox 891 712 1050 792; x_wconf 88' lang='lat' dir='ltr'>quod</span> <span class='ocrx_word' id='word_1_30' title='bbox 1104 718 1330 787; x_wconf 83' lang='lat' dir='ltr'><strong>attinet,</strong></span> <span class='ocrx_word' id='word_1_31' title='bbox 1395 733 1582 772; x_wconf 90' lang='lat' dir='ltr'>unum</span> <span class='ocrx_word' id='word_1_32' title='bbox 1644 720 1818 792; x_wconf 88' lang='lat' dir='ltr'>poeta</span> <span class='ocrx_word' id='word_1_33' title='bbox 1869 731 2016 771; x_wconf 93' lang='lat' dir='ltr'>voce</span> <span class='ocrx_word' id='word_1_34' title='bbox 2067 712 2478 791; x_wconf 88' lang='lat' dir='ltr'>monosyllaba</span> 
     </span>
     <span class='ocr_line' id='line_1_5' title="bbox 302 796 2480 876; baseline -0.001 -19"><span class='ocrx_word' id='word_1_35' title='bbox 302 802 661 872; x_wconf 77' lang='lat' dir='ltr'>terminavit,</span> <span class='ocrx_word' id='word_1_36' title='bbox 718 820 767 858; x_wconf 91' lang='lat' dir='ltr'>c.</span> <span class='ocrx_word' id='word_1_37' title='bbox 803 799 1078 859; x_wconf 88' lang='lat' dir='ltr'>LXXVI</span> <span class='ocrx_word' id='word_1_38' title='bbox 1114 800 1150 857; x_wconf 88' lang='grc'>8</span> <span class='ocrx_word' id='word_1_39' title='bbox 1192 801 1458 873; x_wconf 77' lang='lat' dir='ltr'>factaque</span> <span class='ocrx_word' id='word_1_40' title='bbox 1500 808 1649 870; x_wconf 79' lang='lat' dir='ltr'>sunt,</span> <span class='ocrx_word' id='word_1_41' title='bbox 1703 796 1861 876; x_wconf 90' lang='lat' dir='ltr'>quod</span> <span class='ocrx_word' id='word_1_42' title='bbox 1904 805 2102 856; x_wconf 88' lang='lat' dir='ltr'>tamen</span> <span class='ocrx_word' id='word_1_43' title='bbox 2149 799 2223 857; x_wconf 91' lang='lat' dir='ltr'>ab</span> <span class='ocrx_word' id='word_1_44' title='bbox 2270 799 2480 857; x_wconf 84' lang='lat' dir='ltr'>enclisi·</span> 
     </span>
     <span class='ocr_line' id='line_1_6' title="bbox 301 881 2484 963; baseline -0.001 -20"><span class='ocrx_word' id='word_1_45' title='bbox 301 885 532 963; x_wconf 90' lang='lat' dir='ltr'>aliquid</span> <span class='ocrx_word' id='word_1_46' title='bbox 559 887 957 943; x_wconf 81' lang='lat' dir='ltr'>excusationis</span> <span class='ocrx_word' id='word_1_47' title='bbox 984 883 1178 942; x_wconf 83' lang='lat' dir='ltr'>habet.</span> <span class='ocrx_word' id='word_1_48' title='bbox 1233 891 1409 963; x_wconf 89' lang='lat' dir='ltr'>atque</span> <span class='ocrx_word' id='word_1_49' title='bbox 1427 902 1497 942; x_wconf 93' lang='lat' dir='ltr'>ea</span> <span class='ocrx_word' id='word_1_50' title='bbox 1523 883 1621 942; x_wconf 90' lang='lat' dir='ltr'>vel</span> <span class='ocrx_word' id='word_1_51' title='bbox 1648 882 1827 940; x_wconf 80' lang='lat' dir='ltr'>simili</span> <span class='ocrx_word' id='word_1_52' title='bbox 1855 881 2197 942; x_wconf 88' lang='lat' dir='ltr'>condicione</span> <span class='ocrx_word' id='word_1_53' title='bbox 2219 883 2484 944; x_wconf 85' lang='lat' dir='ltr'>Graecos</span> 
     </span>
     <span class='ocr_line' id='line_1_7' title="bbox 302 966 2478 1048; baseline 0 -22"><span class='ocrx_word' id='word_1_54' title='bbox 302 989 535 1048; x_wconf 91' lang='lat' dir='ltr'>quoque</span> <span class='ocrx_word' id='word_1_55' title='bbox 568 969 868 1028; x_wconf 89' lang='lat' dir='ltr'>interdum</span> <span class='ocrx_word' id='word_1_56' title='bbox 904 968 1057 1027; x_wconf 88' lang='lat' dir='ltr'>hanc</span> <span class='ocrx_word' id='word_1_57' title='bbox 1092 968 1392 1028; x_wconf 84' lang='lat' dir='ltr'>licentiam</span> <span class='ocrx_word' id='word_1_58' title='bbox 1419 968 1533 1027; x_wconf 91' lang='lat' dir='ltr'>sibi</span> <span class='ocrx_word' id='word_1_59' title='bbox 1566 966 1886 1026; x_wconf 84' lang='lat' dir='ltr'>indulsisse</span> <span class='ocrx_word' id='word_1_60' title='bbox 1919 976 2124 1025; x_wconf 90' lang='lat' dir='ltr'>notum</span> <span class='ocrx_word' id='word_1_61' title='bbox 2161 976 2262 1027; x_wconf 82' lang='lat' dir='ltr'>est.</span> <span class='ocrx_word' id='word_1_62' title='bbox 2319 967 2478 1028; x_wconf 89' lang='lat' dir='ltr'>idem</span> 
     </span>
     <span class='ocr_line' id='line_1_8' title="bbox 303 1053 2486 1131; baseline -0.001 -17"><span class='ocrx_word' id='word_1_63' title='bbox 303 1054 572 1114; x_wconf 83' lang='lat' dir='ltr'>Catullus</span> <span class='ocrx_word' id='word_1_64' title='bbox 609 1053 929 1113; x_wconf 90' lang='lat' dir='ltr'>eorundem</span> <span class='ocrx_word' id='word_1_65' title='bbox 965 1053 1233 1131; x_wconf 92' lang='lat' dir='ltr'>exemplo</span> <span class='ocrx_word' id='word_1_66' title='bbox 1270 1054 1485 1112; x_wconf 91' lang='lat' dir='ltr'>multos</span> <span class='ocrx_word' id='word_1_67' title='bbox 1520 1071 1724 1112; x_wconf 88' lang='lat' dir='ltr'>versus</span> <span class='ocrx_word' id='word_1_68' title='bbox 1768 1055 1833 1111; x_wconf 93' lang='lat' dir='ltr'>in</span> <span class='ocrx_word' id='word_1_69' title='bbox 1866 1071 2072 1112; x_wconf 90' lang='lat' dir='ltr'>vocem</span> <span class='ocrx_word' id='word_1_70' title='bbox 2106 1053 2486 1131; x_wconf 73' lang='lat' dir='ltr'>trisyllabam:</span> 
     </span>
     <span class='ocr_line' id='line_1_9' title="bbox 301 1136 2482 1217; baseline -0.001 -19"><span class='ocrx_word' id='word_1_71' title='bbox 301 1147 405 1198; x_wconf 90' lang='lat' dir='ltr'>aut</span> <span class='ocrx_word' id='word_1_72' title='bbox 438 1139 570 1217; x_wconf 92' lang='lat' dir='ltr'>plus</span> <span class='ocrx_word' id='word_1_73' title='bbox 606 1144 784 1217; x_wconf 88' lang='lat' dir='ltr'>quam</span> <span class='ocrx_word' id='word_1_74' title='bbox 819 1137 1191 1217; x_wconf 87' lang='lat' dir='ltr'>trisyllabam</span> <span class='ocrx_word' id='word_1_75' title='bbox 1228 1146 1510 1198; x_wconf 88' lang='lat' dir='ltr'>exeuntes</span> <span class='ocrx_word' id='word_1_76' title='bbox 1543 1138 1700 1196; x_wconf 88' lang='lat' dir='ltr'>fecit.</span> <span class='ocrx_word' id='word_1_77' title='bbox 1771 1155 1967 1215; x_wconf 89' lang='lat' dir='ltr'>neque</span> <span class='ocrx_word' id='word_1_78' title='bbox 2001 1141 2192 1214; x_wconf 89' lang='lat' dir='ltr'>magis</span> <span class='ocrx_word' id='word_1_79' title='bbox 2228 1136 2482 1197; x_wconf 84' lang='lat' dir='ltr'>Graecis</span> 
     </span>
     <span class='ocr_line' id='line_1_10' title="bbox 301 1221 2475 1300; baseline -0.002 -17"><span class='ocrx_word' id='word_1_80' title='bbox 301 1227 480 1283; x_wconf 88' lang='lat' dir='ltr'>anxie</span> <span class='ocrx_word' id='word_1_81' title='bbox 516 1226 744 1283; x_wconf 89' lang='lat' dir='ltr'>curavit</span> <span class='ocrx_word' id='word_1_82' title='bbox 777 1231 845 1281; x_wconf 87' lang='lat' dir='ltr'>ut</span> <span class='ocrx_word' id='word_1_83' title='bbox 879 1226 1233 1283; x_wconf 83' lang='lat' dir='ltr'>sententiam</span> <span class='ocrx_word' id='word_1_84' title='bbox 1257 1243 1376 1283; x_wconf 93' lang='lat' dir='ltr'>uno</span> <span class='ocrx_word' id='word_1_85' title='bbox 1406 1241 1635 1300; x_wconf 88' lang='lat' dir='ltr'>semper</span> <span class='ocrx_word' id='word_1_86' title='bbox 1670 1221 1920 1281; x_wconf 86' lang='lat' dir='ltr'>disticho</span> <span class='ocrx_word' id='word_1_87' title='bbox 1960 1222 2475 1300; x_wconf 78' lang='lat' dir='ltr'>conprehenderet.</span> 
     </span>
     <span class='ocr_line' id='line_1_11' title="bbox 300 1307 2486 1387; baseline 0 -21"><span class='ocrx_word' id='word_1_88' title='bbox 300 1309 448 1368; x_wconf 92' lang='lat' dir='ltr'>haec</span> <span class='ocrx_word' id='word_1_89' title='bbox 474 1311 657 1385; x_wconf 87' lang='lat' dir='ltr'>igitur</span> <span class='ocrx_word' id='word_1_90' title='bbox 682 1316 741 1367; x_wconf 90' lang='lat' dir='ltr'>et</span> <span class='ocrx_word' id='word_1_91' title='bbox 767 1307 888 1366; x_wconf 86' lang='lat' dir='ltr'>alia</span> <span class='ocrx_word' id='word_1_92' title='bbox 914 1307 1203 1387; x_wconf 83' lang='lat' dir='ltr'>quaedam</span> <span class='ocrx_word' id='word_1_93' title='bbox 1224 1341 1306 1350; x_wconf 88' lang='lat'><strong>—</strong></span> <span class='ocrx_word' id='word_1_94' title='bbox 1325 1309 1599 1367; x_wconf 90' lang='lat' dir='ltr'>nolumus</span> <span class='ocrx_word' id='word_1_95' title='bbox 1629 1309 1789 1366; x_wconf 91' lang='lat' dir='ltr'>enim</span> <span class='ocrx_word' id='word_1_96' title='bbox 1806 1309 2005 1365; x_wconf 90' lang='lat' dir='ltr'>omnia</span> <span class='ocrx_word' id='word_1_97' title='bbox 2031 1327 2375 1368; x_wconf 90' lang='lat' dir='ltr'>enumerare</span> <span class='ocrx_word' id='word_1_98' title='bbox 2393 1339 2486 1348; x_wconf 86' lang='lat'>---</span> 
     </span>
     <span class='ocr_line' id='line_1_12' title="bbox 304 1391 2476 1471; baseline 0 -20"><span class='ocrx_word' id='word_1_99' title='bbox 304 1392 603 1452; x_wconf 87' lang='lat' dir='ltr'>Catullum</span> <span class='ocrx_word' id='word_1_100' title='bbox 637 1397 703 1452; x_wconf 92' lang='lat' dir='ltr'>in</span> <span class='ocrx_word' id='word_1_101' title='bbox 740 1401 923 1453; x_wconf 87' lang='lat' dir='ltr'>metro</span> <span class='ocrx_word' id='word_1_102' title='bbox 959 1393 1223 1469; x_wconf 89' lang='lat' dir='ltr'>elegiaco</span> <span class='ocrx_word' id='word_1_103' title='bbox 1252 1392 1500 1452; x_wconf 89' lang='lat' dir='ltr'>multum</span> <span class='ocrx_word' id='word_1_104' title='bbox 1530 1392 1737 1452; x_wconf 85' lang='lat' dir='ltr'>cedere</span> <span class='ocrx_word' id='word_1_105' title='bbox 1773 1391 2091 1451; x_wconf 84' lang='lat' dir='ltr'>ostendunt</span> <span class='ocrx_word' id='word_1_106' title='bbox 2125 1397 2314 1471; x_wconf 87' lang='lat' dir='ltr'>poetis</span> <span class='ocrx_word' id='word_1_107' title='bbox 2349 1392 2476 1451; x_wconf 90' lang='lat' dir='ltr'>Au-</span> 
     </span>
     <span class='ocr_line' id='line_1_13' title="bbox 303 1476 2478 1558; baseline -0 -21"><span class='ocrx_word' id='word_1_108' title='bbox 303 1482 465 1556; x_wconf 84' lang='lat' dir='ltr'>gusti</span> <span class='ocrx_word' id='word_1_109' title='bbox 517 1477 860 1557; x_wconf 77' lang='lat' dir='ltr'>aequalibus</span> <span class='ocrx_word' id='word_1_110' title='bbox 911 1482 1286 1558; x_wconf 81' lang='lat' dir='ltr'>maximeque</span> <span class='ocrx_word' id='word_1_111' title='bbox 1331 1476 1564 1550; x_wconf 83' lang='lat' dir='ltr'>ovidio,</span> <span class='ocrx_word' id='word_1_112' title='bbox 1623 1479 1788 1536; x_wconf 90' lang='lat' dir='ltr'>cuius</span> <span class='ocrx_word' id='word_1_113' title='bbox 1840 1484 2038 1536; x_wconf 87' lang='lat' dir='ltr'>tamen</span> <span class='ocrx_word' id='word_1_114' title='bbox 2092 1476 2356 1550; x_wconf 84' lang='lat' dir='ltr'>disticha,</span> <span class='ocrx_word' id='word_1_115' title='bbox 2411 1486 2478 1536; x_wconf 86' lang='lat' dir='ltr'>ut</span> 
     </span>
     <span class='ocr_line' id='line_1_14' title="bbox 302 1558 2488 1642; baseline 0 -21"><span class='ocrx_word' id='word_1_116' title='bbox 302 1572 441 1623; x_wconf 89' lang='lat' dir='ltr'>sunt</span> <span class='ocrx_word' id='word_1_117' title='bbox 476 1583 619 1621; x_wconf 90' lang='lat' dir='ltr'>sane</span> <span class='ocrx_word' id='word_1_118' title='bbox 660 1563 1010 1642; x_wconf 85' lang='lat' dir='ltr'>politissima</span> <span class='ocrx_word' id='word_1_119' title='bbox 1056 1572 1183 1623; x_wconf 91' lang='lat' dir='ltr'>arte</span> <span class='ocrx_word' id='word_1_120' title='bbox 1216 1563 1390 1634; x_wconf 87' lang='lat' dir='ltr'>facta,</span> <span class='ocrx_word' id='word_1_121' title='bbox 1434 1565 1518 1620; x_wconf 90' lang='lat' dir='ltr'>ita</span> <span class='ocrx_word' id='word_1_122' title='bbox 1553 1582 1589 1619; x_wconf 89' lang='lat' dir='ltr'>a</span> <span class='ocrx_word' id='word_1_123' title='bbox 1626 1564 1870 1621; x_wconf 89' lang='lat' dir='ltr'>crimine</span> <span class='ocrx_word' id='word_1_124' title='bbox 1914 1558 2254 1635; x_wconf 75' lang='grc' dir='ltr'><strong><em>μονοτονίας</em></strong></span> <span class='ocrx_word' id='word_1_125' title='bbox 2289 1565 2488 1622; x_wconf 71' lang='lat' dir='ltr'>cuius-</span> 
     </span>
     <span class='ocr_line' id='line_1_15' title="bbox 303 1646 2475 1727; baseline 0 -21"><span class='ocrx_word' id='word_1_126' title='bbox 303 1647 439 1706; x_wconf 88' lang='lat' dir='ltr'>dam</span> <span class='ocrx_word' id='word_1_127' title='bbox 476 1667 651 1727; x_wconf 85' lang='lat' dir='ltr'>saepe</span> <span class='ocrx_word' id='word_1_128' title='bbox 686 1651 801 1706; x_wconf 89' lang='lat' dir='ltr'>ista</span> <span class='ocrx_word' id='word_1_129' title='bbox 836 1668 968 1706; x_wconf 90' lang='lat' dir='ltr'>cum</span> <span class='ocrx_word' id='word_1_130' title='bbox 1002 1651 1223 1708; x_wconf 88' lang='lat' dir='ltr'>virtute</span> <span class='ocrx_word' id='word_1_131' title='bbox 1259 1650 1604 1708; x_wconf 91' lang='lat' dir='ltr'>coniunctae</span> <span class='ocrx_word' id='word_1_132' title='bbox 1639 1646 1931 1706; x_wconf 90' lang='lat' dir='ltr'>vindicari</span> <span class='ocrx_word' id='word_1_133' title='bbox 1965 1656 2281 1726; x_wconf 87' lang='lat' dir='ltr'>nequeunt.</span> <span class='ocrx_word' id='word_1_134' title='bbox 2353 1650 2475 1706; x_wconf 89' lang='lat' dir='ltr'>iam</span> 
     </span>
     <span class='ocr_line' id='line_1_16' title="bbox 299 1731 2474 1811; baseline 0.001 -19"><span class='ocrx_word' id='word_1_135' title='bbox 299 1751 440 1793; x_wconf 89' lang='lat' dir='ltr'>vero</span> <span class='ocrx_word' id='word_1_136' title='bbox 474 1754 658 1792; x_wconf 92' lang='lat' dir='ltr'>unum</span> <span class='ocrx_word' id='word_1_137' title='bbox 695 1733 1268 1792; x_wconf 88' lang='lat' dir='ltr'>commemorandum</span> <span class='ocrx_word' id='word_1_138' title='bbox 1304 1735 1368 1791; x_wconf 89' lang='lat' dir='ltr'>in</span> <span class='ocrx_word' id='word_1_139' title='bbox 1405 1753 1521 1811; x_wconf 93' lang='lat' dir='ltr'>quo</span> <span class='ocrx_word' id='word_1_140' title='bbox 1555 1740 1732 1810; x_wconf 90' lang='lat' dir='ltr'>poeta</span> <span class='ocrx_word' id='word_1_141' title='bbox 1757 1732 2115 1792; x_wconf 89' lang='lat' dir='ltr'>Veronensis</span> <span class='ocrx_word' id='word_1_142' title='bbox 2151 1753 2272 1791; x_wconf 92' lang='lat' dir='ltr'>non</span> <span class='ocrx_word' id='word_1_143' title='bbox 2298 1731 2474 1794; x_wconf 87' lang='lat' dir='ltr'>modo</span> 
     </span>
     <span class='ocr_line' id='line_1_17' title="bbox 298 1816 2485 1897; baseline -0 -19"><span class='ocrx_word' id='word_1_144' title='bbox 298 1839 422 1878; x_wconf 90' lang='lat' dir='ltr'>non</span> <span class='ocrx_word' id='word_1_145' title='bbox 467 1818 825 1897; x_wconf 91' lang='lat' dir='ltr'>adaequavit</span> <span class='ocrx_word' id='word_1_146' title='bbox 868 1820 1303 1897; x_wconf 86' lang='lat' dir='ltr'>insequentium</span> <span class='ocrx_word' id='word_1_147' title='bbox 1359 1818 1735 1894; x_wconf 84' lang='lat' dir='ltr'>elegantiam,</span> <span class='ocrx_word' id='word_1_148' title='bbox 1789 1816 1895 1875; x_wconf 86' lang='lat' dir='ltr'>sed</span> <span class='ocrx_word' id='word_1_149' title='bbox 1946 1816 2020 1875; x_wconf 89' lang='lat' dir='ltr'>ab</span> <span class='ocrx_word' id='word_1_150' title='bbox 2076 1820 2485 1896; x_wconf 84' lang='lat' dir='ltr'>antiquiorum.</span> 
     </span>
     <span class='ocr_line' id='line_1_18' title="bbox 302 1900 2476 1981; baseline 0 -19"><span class='ocrx_word' id='word_1_151' title='bbox 302 1902 727 1962; x_wconf 85' lang='lat' dir='ltr'>consuetudine</span> <span class='ocrx_word' id='word_1_152' title='bbox 776 1903 1043 1981; x_wconf 88' lang='lat' dir='ltr'>paullum</span> <span class='ocrx_word' id='word_1_153' title='bbox 1097 1903 1306 1974; x_wconf 88' lang='lat' dir='ltr'>differt,</span> <span class='ocrx_word' id='word_1_154' title='bbox 1360 1903 1661 1962; x_wconf 85' lang='lat' dir='ltr'>licentiam</span> <span class='ocrx_word' id='word_1_155' title='bbox 1707 1900 1954 1960; x_wconf 88' lang='lat' dir='ltr'>dicimus</span> <span class='ocrx_word' id='word_1_156' title='bbox 1997 1905 2062 1959; x_wconf 91' lang='lat' dir='ltr'>in</span> <span class='ocrx_word' id='word_1_157' title='bbox 2108 1901 2476 1962; x_wconf 88' lang='lat' dir='ltr'>admittenda</span> 
     </span>
     <span class='ocr_line' id='line_1_19' title="bbox 300 1986 2486 2067; baseline -0 -20"><span class='ocrx_word' id='word_1_158' title='bbox 300 1987 666 2066; x_wconf 86' lang='lat' dir='ltr'>synaloepha</span> <span class='ocrx_word' id='word_1_159' title='bbox 711 1991 1102 2066; x_wconf 87' lang='lat' dir='ltr'>conspicuam.</span> <span class='ocrx_word' id='word_1_160' title='bbox 1182 2008 1302 2067; x_wconf 88' lang='lat' dir='ltr'>qua</span> <span class='ocrx_word' id='word_1_161' title='bbox 1345 1986 1419 2047; x_wconf 90' lang='lat' dir='ltr'>de</span> <span class='ocrx_word' id='word_1_162' title='bbox 1471 2006 1535 2045; x_wconf 92' lang='lat' dir='ltr'>re</span> <span class='ocrx_word' id='word_1_163' title='bbox 1578 1988 1804 2065; x_wconf 88' lang='lat' dir='ltr'>primus</span> <span class='ocrx_word' id='word_1_164' title='bbox 1857 1988 2128 2065; x_wconf 83' lang='lat' dir='ltr'>exposuit</span> <span class='ocrx_word' id='word_1_165' title='bbox 2172 1987 2486 2066; x_wconf 78' lang='lat' dir='ltr'>Hauptius-</span> 
     </span>
     <span class='ocr_line' id='line_1_20' title="bbox 298 2070 2486 2150; baseline 0 -20"><span class='ocrx_word' id='word_1_166' title='bbox 298 2075 365 2131; x_wconf 91' lang='lat' dir='ltr'>in</span> <span class='ocrx_word' id='word_1_167' title='bbox 428 2073 936 2132; x_wconf 89' lang='lat' dir='ltr'>observationibus</span> <span class='ocrx_word' id='word_1_168' title='bbox 998 2074 1240 2143; x_wconf 76' lang='lat' dir='ltr'>critici8‚</span> <span class='ocrx_word' id='word_1_169' title='bbox 1303 2091 1498 2150; x_wconf 89' lang='lat' dir='ltr'>opusc.</span> <span class='ocrx_word' id='word_1_170' title='bbox 1534 2072 1585 2144; x_wconf 82' lang='grc' dir='ltr'>Ι,</span> <span class='ocrx_word' id='word_1_171' title='bbox 1644 2091 1700 2148; x_wconf 89' lang='lat' dir='ltr'>p.</span> <span class='ocrx_word' id='word_1_172' title='bbox 1741 2071 1821 2127; x_wconf 88' lang='lat'>90</span> <span class='ocrx_word' id='word_1_173' title='bbox 1851 2090 1895 2129; x_wconf 88' lang='lat' dir='ltr'>s.</span> <span class='ocrx_word' id='word_1_174' title='bbox 1966 2070 2118 2128; x_wconf 87' lang='lat' dir='ltr'>conf.</span> <span class='ocrx_word' id='word_1_175' title='bbox 2170 2080 2486 2148; x_wconf 85' lang='lat' dir='ltr'>praeterea.</span> 
     </span>
     <span class='ocr_line' id='line_1_21' title="bbox 294 2154 2474 2235; baseline -0.001 -19"><span class='ocrx_word' id='word_1_176' title='bbox 294 2156 368 2216; x_wconf 77' lang='lat' dir='ltr'>L.</span> <span class='ocrx_word' id='word_1_177' title='bbox 406 2157 727 2217; x_wconf 90' lang='lat' dir='ltr'>Muellerus</span> <span class='ocrx_word' id='word_1_178' title='bbox 763 2158 802 2215; x_wconf 89' lang='lat'>1.</span> <span class='ocrx_word' id='word_1_179' title='bbox 841 2178 886 2216; x_wconf 92' lang='lat' dir='ltr'>c.</span> <span class='ocrx_word' id='word_1_180' title='bbox 924 2178 981 2235; x_wconf 89' lang='lat' dir='ltr'>p.</span> <span class='ocrx_word' id='word_1_181' title='bbox 1013 2156 1255 2216; x_wconf 91' lang='lat' dir='ltr'>LXXV</span> <span class='ocrx_word' id='word_1_182' title='bbox 1273 2176 1345 2215; x_wconf 78' lang='lat' dir='ltr'>ss,</span> <span class='ocrx_word' id='word_1_183' title='bbox 1384 2163 1444 2215; x_wconf 86' lang='lat' dir='ltr'>et</span> <span class='ocrx_word' id='word_1_184' title='bbox 1474 2155 1861 2213; x_wconf 89' lang='lat' dir='ltr'>Baumannus</span> <span class='ocrx_word' id='word_1_185' title='bbox 1895 2175 1952 2233; x_wconf 91' lang='lat' dir='ltr'>p.</span> <span class='ocrx_word' id='word_1_186' title='bbox 1979 2154 2199 2214; x_wconf 91' lang='lat' dir='ltr'>XXss.</span> <span class='ocrx_word' id='word_1_187' title='bbox 2256 2159 2474 2217; x_wconf 86' lang='lat' dir='ltr'>etenim</span> 
     </span>
     <span class='ocr_line' id='line_1_22' title="bbox 301 2240 2472 2321; baseline -0 -20"><span class='ocrx_word' id='word_1_188' title='bbox 301 2242 567 2301; x_wconf 84' lang='lat' dir='ltr'>Catullus</span> <span class='ocrx_word' id='word_1_189' title='bbox 605 2263 739 2301; x_wconf 91' lang='lat' dir='ltr'>cum</span> <span class='ocrx_word' id='word_1_190' title='bbox 776 2244 1014 2300; x_wconf 89' lang='lat' dir='ltr'>omnino</span> <span class='ocrx_word' id='word_1_191' title='bbox 1052 2241 1390 2321; x_wconf 87' lang='lat' dir='ltr'>frequenter</span> <span class='ocrx_word' id='word_1_192' title='bbox 1432 2259 1571 2298; x_wconf 91' lang='lat' dir='ltr'>usus</span> <span class='ocrx_word' id='word_1_193' title='bbox 1608 2249 1698 2299; x_wconf 88' lang='lat' dir='ltr'>est</span> <span class='ocrx_word' id='word_1_194' title='bbox 1731 2240 2111 2318; x_wconf 90' lang='lat' dir='ltr'>synaloepha,</span> <span class='ocrx_word' id='word_1_195' title='bbox 2147 2248 2274 2298; x_wconf 87' lang='lat' dir='ltr'>tum</span> <span class='ocrx_word' id='word_1_196' title='bbox 2309 2241 2472 2302; x_wconf 86' lang='lat' dir='ltr'>haud</span> 
     </span>
     <span class='ocr_line' id='line_1_23' title="bbox 295 2324 2476 2404; baseline 0 -19"><span class='ocrx_word' id='word_1_197' title='bbox 295 2348 429 2387; x_wconf 91' lang='lat' dir='ltr'>raro</span> <span class='ocrx_word' id='word_1_198' title='bbox 464 2327 706 2404; x_wconf 88' lang='lat' dir='ltr'>longam</span> <span class='ocrx_word' id='word_1_199' title='bbox 734 2326 999 2385; x_wconf 85' lang='lat' dir='ltr'>vocalem</span> <span class='ocrx_word' id='word_1_200' title='bbox 1031 2333 1088 2384; x_wconf 88' lang='lat' dir='ltr'>et</span> <span class='ocrx_word' id='word_1_201' title='bbox 1111 2324 1637 2404; x_wconf 88' lang='lat' dir='ltr'>polysyllaborum‚</span> <span class='ocrx_word' id='word_1_202' title='bbox 1675 2326 1936 2403; x_wconf 88' lang='lat' dir='ltr'>exceptis</span> <span class='ocrx_word' id='word_1_203' title='bbox 1961 2333 2158 2384; x_wconf 88' lang='lat' dir='ltr'>tamen</span> <span class='ocrx_word' id='word_1_204' title='bbox 2182 2326 2476 2400; x_wconf 74' lang='lat' dir='ltr'>iambicis,</span> 
     </span>
     <span class='ocr_line' id='line_1_24' title="bbox 298 2406 2478 2490; baseline -0.001 -19"><span class='ocrx_word' id='word_1_205' title='bbox 298 2420 358 2472; x_wconf 86' lang='lat' dir='ltr'>et</span> <span class='ocrx_word' id='word_1_206' title='bbox 410 2410 951 2489; x_wconf 87' lang='lat' dir='ltr'>monosyllaborum</span> <span class='ocrx_word' id='word_1_207' title='bbox 1005 2418 1184 2488; x_wconf 82' lang='lat' dir='ltr'>atque</span> <span class='ocrx_word' id='word_1_208' title='bbox 1236 2410 1418 2469; x_wconf 91' lang='lat' dir='ltr'>semel</span> <span class='ocrx_word' id='word_1_209' title='bbox 1463 2407 1538 2486; x_wconf 88' lang='lat' dir='ltr'>(c.</span> <span class='ocrx_word' id='word_1_210' title='bbox 1574 2410 1700 2470; x_wconf 94' lang='lat' dir='ltr'>VII</span> <span class='ocrx_word' id='word_1_211' title='bbox 1737 2406 1801 2483; x_wconf 89' lang='lat'>3)</span> <span class='ocrx_word' id='word_1_212' title='bbox 1848 2408 1993 2469; x_wconf 90' lang='lat' dir='ltr'>adeo</span> <span class='ocrx_word' id='word_1_213' title='bbox 2038 2410 2478 2490; x_wconf 87' lang='lat' dir='ltr'>diphthongum</span> 
     </span>
     <span class='ocr_line' id='line_1_25' title="bbox 299 2492 2478 2573; baseline -0 -18"><span class='ocrx_word' id='word_1_214' title='bbox 299 2499 456 2555; x_wconf 89' lang='lat' dir='ltr'>coire</span> <span class='ocrx_word' id='word_1_215' title='bbox 501 2516 633 2555; x_wconf 91' lang='lat' dir='ltr'>cum</span> <span class='ocrx_word' id='word_1_216' title='bbox 679 2496 848 2554; x_wconf 90' lang='lat' dir='ltr'>brevi</span> <span class='ocrx_word' id='word_1_217' title='bbox 890 2495 1034 2553; x_wconf 88' lang='lat' dir='ltr'>fecit</span> <span class='ocrx_word' id='word_1_218' title='bbox 1076 2514 1186 2554; x_wconf 90' lang='lat' dir='ltr'>nec</span> <span class='ocrx_word' id='word_1_219' title='bbox 1230 2497 1294 2553; x_wconf 92' lang='lat' dir='ltr'>in</span> <span class='ocrx_word' id='word_1_220' title='bbox 1336 2498 1513 2554; x_wconf 86' lang='lat' dir='ltr'>tertia</span> <span class='ocrx_word' id='word_1_221' title='bbox 1547 2492 1772 2573; x_wconf 86' lang='lat' dir='ltr'>dactyli</span> <span class='ocrx_word' id='word_1_222' title='bbox 1806 2495 2037 2573; x_wconf 88' lang='lat' dir='ltr'>syllaba</span> <span class='ocrx_word' id='word_1_223' title='bbox 2072 2496 2147 2554; x_wconf 91' lang='lat' dir='ltr'>ab</span> <span class='ocrx_word' id='word_1_224' title='bbox 2184 2497 2478 2557; x_wconf 86' lang='lat' dir='ltr'>eiusmodi</span> 
     </span>
     <span class='ocr_line' id='line_1_26' title="bbox 294 2579 2482 2658; baseline 0 -17"><span class='ocrx_word' id='word_1_225' title='bbox 294 2581 611 2642; x_wconf 90' lang='lat' dir='ltr'>verborum</span> <span class='ocrx_word' id='word_1_226' title='bbox 640 2579 1148 2658; x_wconf 87' lang='lat' dir='ltr'>conglutinatione</span> <span class='ocrx_word' id='word_1_227' title='bbox 1178 2580 1475 2641; x_wconf 88' lang='lat' dir='ltr'>abstinuit.</span> <span class='ocrx_word' id='word_1_228' title='bbox 1547 2588 1804 2641; x_wconf 90' lang='lat' dir='ltr'>ceterum</span> <span class='ocrx_word' id='word_1_229' title='bbox 1835 2602 1967 2640; x_wconf 92' lang='lat' dir='ltr'>cum</span> <span class='ocrx_word' id='word_1_230' title='bbox 2002 2589 2130 2640; x_wconf 90' lang='lat' dir='ltr'>tota</span> <span class='ocrx_word' id='word_1_231' title='bbox 2158 2581 2306 2643; x_wconf 89' lang='lat' dir='ltr'>haec</span> <span class='ocrx_word' id='word_1_232' title='bbox 2334 2604 2482 2646; x_wconf 73' lang='lat' dir='ltr'>oon·</span> 
     </span>
     <span class='ocr_line' id='line_1_27' title="bbox 295 2666 2480 2745; baseline 0.001 -19"><span class='ocrx_word' id='word_1_233' title='bbox 295 2667 731 2744; x_wconf 90' lang='lat' dir='ltr'>iungendarum</span> <span class='ocrx_word' id='word_1_234' title='bbox 765 2666 1061 2725; x_wconf 87' lang='lat' dir='ltr'>vocalium</span> <span class='ocrx_word' id='word_1_235' title='bbox 1096 2669 1246 2726; x_wconf 89' lang='lat' dir='ltr'>ratio</span> <span class='ocrx_word' id='word_1_236' title='bbox 1283 2670 1400 2725; x_wconf 88' lang='lat' dir='ltr'>oris</span> <span class='ocrx_word' id='word_1_237' title='bbox 1435 2666 1640 2724; x_wconf 88' lang='lat' dir='ltr'>Latini</span> <span class='ocrx_word' id='word_1_238' title='bbox 1682 2669 1924 2745; x_wconf 87' lang='lat' dir='ltr'>propria</span> <span class='ocrx_word' id='word_1_239' title='bbox 1958 2668 2137 2745; x_wconf 89' lang='lat' dir='ltr'>inque</span> <span class='ocrx_word' id='word_1_240' title='bbox 2171 2668 2480 2728; x_wconf 80' lang='lat' dir='ltr'>locutione</span> 
     </span>
     <span class='ocr_line' id='line_1_28' title="bbox 297 2750 2466 2831; baseline -0 -20"><span class='ocrx_word' id='word_1_241' title='bbox 297 2752 622 2812; x_wconf 88' lang='lat' dir='ltr'>cottidiana</span> <span class='ocrx_word' id='word_1_242' title='bbox 673 2753 890 2810; x_wconf 89' lang='lat' dir='ltr'>usitata</span> <span class='ocrx_word' id='word_1_243' title='bbox 939 2750 1134 2824; x_wconf 86' lang='lat' dir='ltr'>fuerit,</span> <span class='ocrx_word' id='word_1_244' title='bbox 1190 2759 1649 2811; x_wconf 90' lang='lat' dir='ltr'>consentaneum</span> <span class='ocrx_word' id='word_1_245' title='bbox 1695 2759 1784 2810; x_wconf 89' lang='lat' dir='ltr'>est</span> <span class='ocrx_word' id='word_1_246' title='bbox 1825 2751 1997 2829; x_wconf 90' lang='lat' dir='ltr'>plura</span> <span class='ocrx_word' id='word_1_247' title='bbox 2048 2752 2466 2831; x_wconf 82' lang='lat' dir='ltr'>synaloephae,</span> 
     </span>
     <span class='ocr_line' id='line_1_29' title="bbox 295 2835 2476 2917; baseline 0 -22"><span class='ocrx_word' id='word_1_248' title='bbox 295 2839 638 2917; x_wconf 88' lang='lat' dir='ltr'>praesertim</span> <span class='ocrx_word' id='word_1_249' title='bbox 666 2837 934 2909; x_wconf 78' lang='lat' dir='ltr'>durioriS,</span> <span class='ocrx_word' id='word_1_250' title='bbox 971 2836 1245 2915; x_wconf 91' lang='lat' dir='ltr'>exempla</span> <span class='ocrx_word' id='word_1_251' title='bbox 1269 2839 1334 2894; x_wconf 93' lang='lat' dir='ltr'>in</span> <span class='ocrx_word' id='word_1_252' title='bbox 1358 2835 1683 2895; x_wconf 88' lang='lat' dir='ltr'>levioribus</span> <span class='ocrx_word' id='word_1_253' title='bbox 1711 2837 1839 2893; x_wconf 89' lang='lat' dir='ltr'>istis</span> <span class='ocrx_word' id='word_1_254' title='bbox 1873 2839 2182 2913; x_wconf 87' lang='lat' dir='ltr'>poematiis</span> <span class='ocrx_word' id='word_1_255' title='bbox 2207 2840 2476 2896; x_wconf 40' lang='lat' dir='ltr'>inveniri.</span> 
     </span>
     <span class='ocr_line' id='line_1_30' title="bbox 298 2922 2468 3001; baseline 0.001 -22"><span class='ocrx_word' id='word_1_256' title='bbox 298 2942 546 3001; x_wconf 92' lang='lat' dir='ltr'>quorum</span> <span class='ocrx_word' id='word_1_257' title='bbox 608 2931 955 2998; x_wconf 84' lang='lat' dir='ltr'>argumenta</span> <span class='ocrx_word' id='word_1_258' title='bbox 1016 2922 1095 2980; x_wconf 92' lang='lat' dir='ltr'>ad</span> <span class='ocrx_word' id='word_1_259' title='bbox 1157 2940 1524 2981; x_wconf 89' lang='lat' dir='ltr'>communem</span> <span class='ocrx_word' id='word_1_260' title='bbox 1575 2922 1763 2978; x_wconf 90' lang='lat' dir='ltr'>vitam</span> <span class='ocrx_word' id='word_1_261' title='bbox 1823 2922 2122 2997; x_wconf 89' lang='lat' dir='ltr'>pertinent</span> <span class='ocrx_word' id='word_1_262' title='bbox 2174 2941 2350 3000; x_wconf 93' lang='lat' dir='ltr'>quam</span> <span class='ocrx_word' id='word_1_263' title='bbox 2401 2924 2468 2981; x_wconf 86' lang='lat' dir='ltr'>in</span> 
     </span>
     <span class='ocr_line' id='line_1_31' title="bbox 297 3003 2477 3082; baseline 0 -17"><span class='ocrx_word' id='word_1_264' title='bbox 297 3007 522 3065; x_wconf 88' lang='lat' dir='ltr'>altioris</span> <span class='ocrx_word' id='word_1_265' title='bbox 559 3010 789 3082; x_wconf 89' lang='lat' dir='ltr'>generis</span> <span class='ocrx_word' id='word_1_266' title='bbox 826 3006 1198 3065; x_wconf 87' lang='lat' dir='ltr'>carminibus.</span> <span class='ocrx_word' id='word_1_267' title='bbox 1269 3006 1415 3064; x_wconf 90' lang='lat' dir='ltr'>haec</span> <span class='ocrx_word' id='word_1_268' title='bbox 1450 3004 1524 3064; x_wconf 90' lang='lat' dir='ltr'>de</span> <span class='ocrx_word' id='word_1_269' title='bbox 1558 3023 1622 3064; x_wconf 91' lang='lat' dir='ltr'>re</span> <span class='ocrx_word' id='word_1_270' title='bbox 1655 3006 1898 3063; x_wconf 89' lang='lat' dir='ltr'>metrica</span> <span class='ocrx_word' id='word_1_271' title='bbox 1933 3003 2156 3063; x_wconf 81' lang='lat' dir='ltr'>Catulli</span> <span class='ocrx_word' id='word_1_272' title='bbox 2189 3006 2301 3065; x_wconf 90' lang='lat' dir='ltr'>hoc</span> <span class='ocrx_word' id='word_1_273' title='bbox 2335 3007 2477 3066; x_wconf 83' lang='lat' dir='ltr'>loco-</span> 
     </span>
     <span class='ocr_line' id='line_1_32' title="bbox 294 3088 2479 3168; baseline 0.001 -19"><span class='ocrx_word' id='word_1_274' title='bbox 294 3090 565 3150; x_wconf 85' lang='lat' dir='ltr'>attulisse</span> <span class='ocrx_word' id='word_1_275' title='bbox 601 3089 870 3149; x_wconf 88' lang='lat' dir='ltr'>sufficiat.</span> <span class='ocrx_word' id='word_1_276' title='bbox 945 3110 1084 3149; x_wconf 93' lang='lat' dir='ltr'>nam</span> <span class='ocrx_word' id='word_1_277' title='bbox 1122 3090 1196 3151; x_wconf 88' lang='lat' dir='ltr'>de</span> <span class='ocrx_word' id='word_1_278' title='bbox 1230 3112 1258 3150; x_wconf 95' lang='lat' dir='ltr'>s</span> <span class='ocrx_word' id='word_1_279' title='bbox 1292 3091 1523 3149; x_wconf 88' lang='lat' dir='ltr'>litterae</span> <span class='ocrx_word' id='word_1_280' title='bbox 1558 3088 1754 3147; x_wconf 85' lang='lat' dir='ltr'>finalis</span> <span class='ocrx_word' id='word_1_281' title='bbox 1790 3108 2051 3168; x_wconf 89' lang='lat' dir='ltr'>apocope</span> <span class='ocrx_word' id='word_1_282' title='bbox 2084 3093 2150 3150; x_wconf 91' lang='lat' dir='ltr'>in</span> <span class='ocrx_word' id='word_1_283' title='bbox 2182 3111 2303 3151; x_wconf 89' lang='lat' dir='ltr'>uno</span> <span class='ocrx_word' id='word_1_284' title='bbox 2340 3095 2479 3151; x_wconf 77' lang='lat' dir='ltr'>eius-</span> 
     </span>
     <span class='ocr_line' id='line_1_33' title="bbox 295 3173 2466 3255; baseline 0 -20"><span class='ocrx_word' id='word_1_285' title='bbox 295 3175 588 3235; x_wconf 89' lang='lat' dir='ltr'>versiculo</span> <span class='ocrx_word' id='word_1_286' title='bbox 641 3173 897 3232; x_wconf 88' lang='lat' dir='ltr'>admissa</span> <span class='ocrx_word' id='word_1_287' title='bbox 959 3174 1105 3253; x_wconf 92' lang='lat' dir='ltr'>quid</span> <span class='ocrx_word' id='word_1_288' title='bbox 1165 3174 1540 3235; x_wconf 89' lang='lat' dir='ltr'>statuendum</span> <span class='ocrx_word' id='word_1_289' title='bbox 1591 3173 1894 3242; x_wconf 88' lang='lat' dir='ltr'>videretur</span> <span class='ocrx_word' id='word_1_290' title='bbox 1947 3195 2140 3255; x_wconf 87' lang='lat' dir='ltr'>supra,</span> <span class='ocrx_word' id='word_1_291' title='bbox 2205 3197 2338 3235; x_wconf 91' lang='lat' dir='ltr'>cum</span> <span class='ocrx_word' id='word_1_292' title='bbox 2392 3177 2466 3237; x_wconf 92' lang='lat' dir='ltr'>de</span> 
     </span>
     <span class='ocr_line' id='line_1_34' title="bbox 296 3260 2476 3338; baseline 0.001 -18"><span class='ocrx_word' id='word_1_293' title='bbox 296 3280 585 3320; x_wconf 91' lang='lat' dir='ltr'>novorum</span> <span class='ocrx_word' id='word_1_294' title='bbox 610 3266 914 3336; x_wconf 90' lang='lat' dir='ltr'>poetarum</span> <span class='ocrx_word' id='word_1_295' title='bbox 938 3260 1267 3320; x_wconf 90' lang='lat' dir='ltr'>rationibus</span> <span class='ocrx_word' id='word_1_296' title='bbox 1292 3262 1357 3319; x_wconf 90' lang='lat' dir='ltr'>in</span> <span class='ocrx_word' id='word_1_297' title='bbox 1381 3262 1722 3319; x_wconf 89' lang='lat' dir='ltr'>universum</span> <span class='ocrx_word' id='word_1_298' title='bbox 1749 3278 2123 3338; x_wconf 87' lang='lat' dir='ltr'>exponerem,</span> <span class='ocrx_word' id='word_1_299' title='bbox 2145 3260 2476 3337; x_wconf 58' lang='lat' dir='ltr'>declaravi„</span> 
     </span>
     <span class='ocr_line' id='line_1_35' title="bbox 298 3344 2467 3424; baseline 0.002 -20"><span class='ocrx_word' id='word_1_300' title='bbox 298 3346 418 3405; x_wconf 90' lang='lat' dir='ltr'>alia</span> <span class='ocrx_word' id='word_1_301' title='bbox 471 3345 755 3422; x_wconf 83' lang='lat' dir='ltr'>conplura</span> <span class='ocrx_word' id='word_1_302' title='bbox 805 3346 871 3402; x_wconf 91' lang='lat' dir='ltr'>in</span> <span class='ocrx_word' id='word_1_303' title='bbox 923 3362 995 3403; x_wconf 88' lang='lat' dir='ltr'>ea</span> <span class='ocrx_word' id='word_1_304' title='bbox 1045 3344 1462 3423; x_wconf 86' lang='lat' dir='ltr'>disputationis</span> <span class='ocrx_word' id='word_1_305' title='bbox 1511 3351 1681 3423; x_wconf 89' lang='lat' dir='ltr'>parte</span> <span class='ocrx_word' id='word_1_306' title='bbox 1732 3364 1886 3424; x_wconf 87' lang='lat' dir='ltr'>quae</span> <span class='ocrx_word' id='word_1_307' title='bbox 1930 3354 2054 3405; x_wconf 85' lang='lat' dir='ltr'>erat</span> <span class='ocrx_word' id='word_1_308' title='bbox 2100 3345 2174 3405; x_wconf 93' lang='lat' dir='ltr'>de</span> <span class='ocrx_word' id='word_1_309' title='bbox 2217 3346 2467 3408; x_wconf 84' lang='lat' dir='ltr'>Graecis</span> 
     </span>
     <span class='ocr_line' id='line_1_36' title="bbox 297 3429 974 3509; baseline -0.007 -19"><span class='ocrx_word' id='word_1_310' title='bbox 297 3430 507 3490; x_wconf 88' lang='lat' dir='ltr'>studiis</span> <span class='ocrx_word' id='word_1_311' title='bbox 542 3436 751 3509; x_wconf 88' lang='lat' dir='ltr'>poetae</span> <span class='ocrx_word' id='word_1_312' title='bbox 785 3429 974 3505; x_wconf 88' lang='lat' dir='ltr'>attigi.</span> 
     </span>
    </p>

    <p class='ocr_par' dir='ltr' id='par_1_3' title="bbox 293 3512 2476 4268">
     <span class='ocr_line' id='line_1_37' title="bbox 422 3512 2476 3594; baseline 0.002 -21"><span class='ocrx_word' id='word_1_313' title='bbox 422 3515 571 3574; x_wconf 90' lang='lat' dir='ltr'>Arte</span> <span class='ocrx_word' id='word_1_314' title='bbox 625 3521 683 3574; x_wconf 92' lang='lat' dir='ltr'>et</span> <span class='ocrx_word' id='word_1_315' title='bbox 731 3512 932 3572; x_wconf 89' lang='lat' dir='ltr'>indole</span> <span class='ocrx_word' id='word_1_316' title='bbox 978 3512 1198 3573; x_wconf 82' lang='lat' dir='ltr'>Catulli</span> <span class='ocrx_word' id='word_1_317' title='bbox 1252 3513 1622 3572; x_wconf 88' lang='lat' dir='ltr'>considerata</span> <span class='ocrx_word' id='word_1_318' title='bbox 1672 3516 1937 3593; x_wconf 88' lang='lat' dir='ltr'>sequitur</span> <span class='ocrx_word' id='word_1_319' title='bbox 1978 3522 2045 3573; x_wconf 87' lang='lat' dir='ltr'>ut</span> <span class='ocrx_word' id='word_1_320' title='bbox 2098 3514 2171 3575; x_wconf 91' lang='lat' dir='ltr'>de</span> <span class='ocrx_word' id='word_1_321' title='bbox 2223 3536 2476 3594; x_wconf 83' lang='lat' dir='ltr'>corpore</span> 
     </span>
     <span class='ocr_line' id='line_1_38' title="bbox 297 3596 2474 3678; baseline 0 -20"><span class='ocrx_word' id='word_1_322' title='bbox 297 3602 622 3658; x_wconf 87' lang='lat' dir='ltr'>carminum</span> <span class='ocrx_word' id='word_1_323' title='bbox 658 3600 780 3658; x_wconf 90' lang='lat' dir='ltr'>eius</span> <span class='ocrx_word' id='word_1_324' title='bbox 820 3597 977 3678; x_wconf 90' lang='lat' dir='ltr'>quod</span> <span class='ocrx_word' id='word_1_325' title='bbox 1013 3596 1088 3657; x_wconf 89' lang='lat' dir='ltr'>ad</span> <span class='ocrx_word' id='word_1_326' title='bbox 1122 3597 1277 3656; x_wconf 90' lang='lat' dir='ltr'>hanc</span> <span class='ocrx_word' id='word_1_327' title='bbox 1304 3605 1554 3662; x_wconf 88' lang='lat' dir='ltr'>aetatem</span> <span class='ocrx_word' id='word_1_328' title='bbox 1589 3601 1860 3677; x_wconf 87' lang='lat' dir='ltr'>pervenit</span> <span class='ocrx_word' id='word_1_329' title='bbox 1886 3617 2165 3678; x_wconf 90' lang='lat' dir='ltr'>quaerere</span> <span class='ocrx_word' id='word_1_330' title='bbox 2194 3602 2474 3660; x_wconf 59' lang='lat' dir='ltr'>institua-</span> 
     </span>
     <span class='ocr_line' id='line_1_39' title="bbox 293 3683 2464 3763; baseline 0 -19"><span class='ocrx_word' id='word_1_331' title='bbox 293 3704 443 3758; x_wconf 77' lang='lat' dir='ltr'>muS‚</span> <span class='ocrx_word' id='word_1_332' title='bbox 494 3693 692 3744; x_wconf 90' lang='lat' dir='ltr'>utrum</span> <span class='ocrx_word' id='word_1_333' title='bbox 744 3684 822 3743; x_wconf 91' lang='lat' dir='ltr'>ab</span> <span class='ocrx_word' id='word_1_334' title='bbox 873 3685 1001 3761; x_wconf 89' lang='lat' dir='ltr'>ipso</span> <span class='ocrx_word' id='word_1_335' title='bbox 1055 3690 1233 3761; x_wconf 84' lang='lat' dir='ltr'>poeta</span> <span class='ocrx_word' id='word_1_336' title='bbox 1282 3702 1469 3742; x_wconf 89' lang='lat' dir='ltr'>necne</span> <span class='ocrx_word' id='word_1_337' title='bbox 1523 3685 1904 3741; x_wconf 87' lang='lat' dir='ltr'>constitutum</span> <span class='ocrx_word' id='word_1_338' title='bbox 1949 3683 2288 3763; x_wconf 81' lang='lat' dir='ltr'>editumque</span> <span class='ocrx_word' id='word_1_339' title='bbox 2334 3704 2464 3746; x_wconf 89' lang='lat' dir='ltr'>esse</span> 
     </span>
     <span class='ocr_line' id='line_1_40' title="bbox 297 3767 2459 3849; baseline 0 -21"><span class='ocrx_word' id='word_1_340' title='bbox 297 3768 583 3829; x_wconf 87' lang='lat' dir='ltr'>videatur.</span> <span class='ocrx_word' id='word_1_341' title='bbox 654 3788 808 3849; x_wconf 91' lang='lat' dir='ltr'>quae</span> <span class='ocrx_word' id='word_1_342' title='bbox 851 3768 1087 3848; x_wconf 90' lang='lat' dir='ltr'>quidem</span> <span class='ocrx_word' id='word_1_343' title='bbox 1134 3770 1395 3847; x_wconf 90' lang='lat' dir='ltr'>quaestio</span> <span class='ocrx_word' id='word_1_344' title='bbox 1440 3774 1753 3846; x_wconf 90' lang='lat' dir='ltr'>postquam</span> <span class='ocrx_word' id='word_1_345' title='bbox 1798 3768 1902 3826; x_wconf 89' lang='lat' dir='ltr'>diu</span> <span class='ocrx_word' id='word_1_346' title='bbox 1945 3767 2217 3843; x_wconf 89' lang='lat' dir='ltr'>neglecta</span> <span class='ocrx_word' id='word_1_347' title='bbox 2258 3771 2459 3843; x_wconf 85' lang='lat' dir='ltr'>iacuit,</span> 
     </span>
     <span class='ocr_line' id='line_1_41' title="bbox 298 3851 2464 3934; baseline -0 -20"><span class='ocrx_word' id='word_1_348' title='bbox 298 3874 432 3914; x_wconf 91' lang='lat' dir='ltr'>cum</span> <span class='ocrx_word' id='word_1_349' title='bbox 465 3854 731 3934; x_wconf 89' lang='lat' dir='ltr'>plerique</span> <span class='ocrx_word' id='word_1_350' title='bbox 766 3874 965 3914; x_wconf 89' lang='lat' dir='ltr'>omnes</span> <span class='ocrx_word' id='word_1_351' title='bbox 1004 3852 1322 3913; x_wconf 90' lang='lat' dir='ltr'>‘libellum&#39;</span> <span class='ocrx_word' id='word_1_352' title='bbox 1363 3851 1638 3912; x_wconf 88' lang='lat' dir='ltr'>Cornelio</span> <span class='ocrx_word' id='word_1_353' title='bbox 1667 3852 1888 3931; x_wconf 89' lang='lat' dir='ltr'>Nepoti</span> <span class='ocrx_word' id='word_1_354' title='bbox 1915 3852 2172 3911; x_wconf 89' lang='lat' dir='ltr'>dicatum</span> <span class='ocrx_word' id='word_1_355' title='bbox 2208 3854 2464 3915; x_wconf 85' lang='lat' dir='ltr'>eundem</span> 
     </span>
     <span class='ocr_line' id='line_1_42' title="bbox 297 3938 2461 4018; baseline 0 -19"><span class='ocrx_word' id='word_1_356' title='bbox 297 3958 424 3999; x_wconf 91' lang='lat' dir='ltr'>esse</span> <span class='ocrx_word' id='word_1_357' title='bbox 452 3939 809 3998; x_wconf 89' lang='lat' dir='ltr'>confiderent</span> <span class='ocrx_word' id='word_1_358' title='bbox 837 3948 1013 4018; x_wconf 91' lang='lat' dir='ltr'>atque</span> <span class='ocrx_word' id='word_1_359' title='bbox 1038 3938 1255 3998; x_wconf 89' lang='lat' dir='ltr'>librum</span> <span class='ocrx_word' id='word_1_360' title='bbox 1282 3938 1451 3997; x_wconf 88' lang='lat' dir='ltr'>nobis</span> <span class='ocrx_word' id='word_1_361' title='bbox 1478 3946 1791 4011; x_wconf 85' lang='lat' dir='ltr'>servatum,</span> <span class='ocrx_word' id='word_1_362' title='bbox 1820 3940 2110 4016; x_wconf 90' lang='lat' dir='ltr'>paucique</span> <span class='ocrx_word' id='word_1_363' title='bbox 2135 3941 2238 4018; x_wconf 91' lang='lat' dir='ltr'>qui</span> <span class='ocrx_word' id='word_1_364' title='bbox 2258 3948 2461 4000; x_wconf 89' lang='lat' dir='ltr'>contra</span> 
     </span>
     <span class='ocr_line' id='line_1_43' title="bbox 294 4021 2468 4102; baseline 0.001 -18"><span class='ocrx_word' id='word_1_365' title='bbox 294 4023 641 4097; x_wconf 87' lang='lat' dir='ltr'>iudicarent,</span> <span class='ocrx_word' id='word_1_366' title='bbox 679 4024 866 4084; x_wconf 89' lang='lat' dir='ltr'>veluti</span> <span class='ocrx_word' id='word_1_367' title='bbox 891 4024 1290 4102; x_wconf 85' lang='lat' dir='ltr'>Nipperdeius</span> <span class='ocrx_word' id='word_1_368' title='bbox 1322 4024 1384 4081; x_wconf 88' lang='lat' dir='ltr'>in</span> <span class='ocrx_word' id='word_1_369' title='bbox 1419 4021 1851 4102; x_wconf 86' lang='lat' dir='ltr'>prolegomenis</span> <span class='ocrx_word' id='word_1_370' title='bbox 1888 4021 2161 4082; x_wconf 88' lang='lat' dir='ltr'>editionis</span> <span class='ocrx_word' id='word_1_371' title='bbox 2199 4022 2468 4088; x_wconf 61' lang='lat' dir='ltr'>Cornelii</span> 
     </span>
     <span class='ocr_line' id='line_1_44' title="bbox 296 4107 2474 4188; baseline 0.001 -19"><span class='ocrx_word' id='word_1_372' title='bbox 296 4130 351 4169; x_wconf 89' lang='lat' dir='ltr'>a.</span> <span class='ocrx_word' id='word_1_373' title='bbox 401 4110 564 4167; x_wconf 89' lang='grc'><strong>1849</strong></span> <span class='ocrx_word' id='word_1_374' title='bbox 619 4112 864 4168; x_wconf 87' lang='lat' dir='ltr'>emissae</span> <span class='ocrx_word' id='word_1_375' title='bbox 916 4130 973 4188; x_wconf 88' lang='lat' dir='ltr'>p.</span> <span class='ocrx_word' id='word_1_376' title='bbox 1018 4108 1189 4181; x_wconf 91' lang='lat' dir='ltr'>XVI,</span> <span class='ocrx_word' id='word_1_377' title='bbox 1245 4110 1595 4168; x_wconf 85' lang='lat' dir='ltr'>sententiam</span> <span class='ocrx_word' id='word_1_378' title='bbox 1647 4127 1812 4166; x_wconf 91' lang='lat' dir='ltr'>suam</span> <span class='ocrx_word' id='word_1_379' title='bbox 1865 4107 2046 4167; x_wconf 90' lang='lat' dir='ltr'>verbo</span> <span class='ocrx_word' id='word_1_380' title='bbox 2099 4110 2474 4186; x_wconf 45' lang='lat' dir='ltr'>significasse¹</span> 
     </span>
     <span class='ocr_line' id='line_1_45' title="bbox 299 4191 2462 4268; baseline -0.001 -11"><span class='ocrx_word' id='word_1_381' title='bbox 299 4195 444 4257; x_wconf 85' lang='lat' dir='ltr'>satis</span> <span class='ocrx_word' id='word_1_382' title='bbox 477 4193 779 4268; x_wconf 90' lang='lat' dir='ltr'>haberent,</span> <span class='ocrx_word' id='word_1_383' title='bbox 824 4193 1065 4253; x_wconf 87' lang='lat' dir='ltr'>tandem</span> <span class='ocrx_word' id='word_1_384' title='bbox 1107 4213 1160 4253; x_wconf 89' lang='lat' dir='ltr'>a.</span> <span class='ocrx_word' id='word_1_385' title='bbox 1201 4194 1364 4253; x_wconf 88' lang='grc'><strong>1863</strong></span> <span class='ocrx_word' id='word_1_386' title='bbox 1407 4191 1725 4252; x_wconf 87' lang='lat' dir='ltr'>Eduardus</span> <span class='ocrx_word' id='word_1_387' title='bbox 1757 4193 2057 4253; x_wconf 90' lang='lat' dir='ltr'>Brunerus</span> <span class='ocrx_word' id='word_1_388' title='bbox 2101 4194 2163 4252; x_wconf 89' lang='lat' dir='ltr'>in</span> <span class='ocrx_word' id='word_1_389' title='bbox 2199 4203 2462 4255; x_wconf 87' lang='lat' dir='ltr'>actorum</span> 
     </span>
    </p>
   </div>
  </div>
 </body>
</html>
