3225 5171
1170 458 1442 515 'LIBER

394 593 529 662 aut,
567 584 619 649 si
657 594 720 649 te
755 584 999 648 nummi
1034 584 1371 661 delectant,
1411 583 1630 650 desine
1665 602 1901 666 quaeso

407 724 410 729 -
484 679 628 745 leno
664 702 801 745 esse
837 690 1026 765 atque
1060 680 1228 745 idem
1268 701 1493 745 saevus
1531 689 1596 743 et
1629 676 1992 742 indomitus.

864 921 1045 1100 .
1251 1118 1428 1186 CIV.

402 1238 633 1304 Credis
666 1262 769 1305 me
803 1239 1082 1324 potuisse
1117 1262 1296 1305 meae
1331 1237 1707 1304 maledicere
1743 1236 1931 1314 vitae,

492 1335 802 1399 ambobus
837 1334 1189 1418 mihi‘quae
1226 1335 1428 1399 carior
1463 1344 1559 1399 est
1593 1332 1829 1397 oculis?

402 1450 535 1492 non
569 1428 767 1513 potui,
803 1450 941 1505 nec,
978 1429 1031 1493 si
1065 1451 1338 1514 possem,
1373 1438 1504 1491 tam
1539 1427 1783 1513 perdite
1820 1449 2119 1490 amarem.

491 1522 603 1586 sed
640 1533 708 1585 tu
745 1542 893 1586 cum
925 1522 1238 1608 Tappone
1272 1522 1486 1588 omnia
1519 1531 1800 1586 monstra
1833 1519 2011 1584 facis.

1779 1699 2108 1818 θ

1281 1962 1421 2029 CV.

405 2082 705 2147 Mentula
740 2091 1004 2146 conatur
1035 2080 1333 2167 Pipleum
1369 2079 1673 2145 scandere
1708 2089 2017 2145 montem:

494 2199 715 2241 musae
751 2176 1014 2240 furcillis
1051 2175 1462 2261 praecipitem
1498 2174 1751 2239 eiciunt.

1255 2614 1434 2684 CVI.

416 2735 591 2802 Cum
626 2758 824 2821 puero
858 2735 1027 2800 bello
1063 2758 1439 2820 praeconem
1475 2734 1584 2818 qui
1620 2734 1794 2800 videt
1828 2757 1989 2812 esse,

502 2830 660 2914 quid
695 2829 932 2917 credat,
968 2831 1089 2895 nisi
1125 2854 1193 2896 se
1228 2831 1500 2896 vendere
1537 2828 1864 2914 discupere
1875 2830 1911 2892 Ρ,

1244 3268 1456 3335 CVII.

421 3388 501 3454 Si
535 3387 686 3473 quoi
721 3387 874 3473 quid
910 3380 1142 3473 cupido
1176 3387 1546 3474 optantique
1579 3383 1808 3473 obtigit
1842 3398 2147 3472 umquam

418 3496 425 3507 “
510 3481 876 3566 insperanti,
913 3481 1034 3546 hoc
1078 3492 1174 3547 est
1207 3492 1459 3568 gratum
1496 3482 1706 3546 animo
1742 3483 2014 3567 proprie.

419 3598 621 3659 quare
655 3575 776 3640 hoc
812 3585 909 3639 est
941 3585 1193 3660 gratum
1228 3575 1536 3659 nobisque
1572 3586 1669 3639 est
1702 3574 1907 3639 carius
1945 3599 2122 3655 auro,

510 3668 683 3752 quod
719 3679 780 3732 te
816 3668 1111 3746 restituis,
1147 3669 1407 3745 Lesbia,
1444 3669 1532 3733 mi
1568 3669 1820 3753 cupido,

361 3790 366 3794 ·
424 3761 702 3828 restituis
738 3761 968 3846 cupido
1003 3774 1203 3845 atque·
1230 3762 1594 3847 insperanti,
1634 3762 1774 3847 ipsa
1807 3763 2004 3828 refers
2042 3777 2105 3829 te

511 3856 713 3919 nobis.
804 3876 842 3919 o
877 3855 1087 3920 lucem
1123 3856 1484 3921 candidiore
1518 3856 1697 3920 notai

422 3948 570 4033 quis
606 3972 708 4013 me
745 3971 872 4013 uno
909 3949 1064 4013 vivit
1096 3950 1358 4026 felicior,
1396 3961 1507 4013 aut
1539 3950 1745 4035 magis
1781 3950 1901 4016 hac
1936 3973 2038 4016 res

516 4043 822 4128 optandas
857 4042 990 4108 vita
1023 4042 1232 4110 dicere
1266 4043 1409 4128 quis
1444 4044 1712 4130 poterit?

2268 443 2351 510 71
