3225 5171
824 435 971 478 XLVI
1688 433 2142 476 PROLEGOMENA

830 553 1046 633 sophus
1083 553 1328 611 annales
1363 573 1508 631 quos
1544 552 1861 611 Suetonius
1895 551 2201 610 historiam
2231 553 2496 624 vocavit,
2542 551 2781 631 quando
2827 565 3008 634 saepe

825 649 1053 698 veteres
1103 641 1216 696 isto
1267 637 1440 696 modo
1493 637 1595 695 vel
1655 637 1924 696 similiter
1982 637 2186 696 titulos
2244 635 2529 695 librorum
2589 637 3006 699 historicorum

823 727 1055 782 variare
1090 723 1296 782 solent.
1350 721 1560 801 quodsi
1587 724 1673 780 ita
1706 741 1797 781 res
1835 741 1897 780 se
1930 721 2126 795 habet,
2163 721 2442 781 Volusius
2471 721 2843 783 Catullianus
2879 744 3005 783 non

824 817 1014 887 potest
1057 827 1184 867 esse
1226 808 1543 866 Tanusius
1611 807 1963 866 incredibile
2014 814 2101 865 est
2154 809 2313 865 enim
2359 806 2705 866 Suetonium
2759 816 2818 868 et
2860 809 3005 868 Plu-

821 894 1091 953 tarchum
1144 892 1221 951 ad
1263 891 1686 970 pertexendam
1734 891 2005 951 Caesaris
2057 895 2241 950 vitam
2293 910 2470 970 opere
2520 894 2787 952 versibus
2839 893 3004 953 facto

821 999 958 1038 usos
995 997 1137 1048 esse,
1174 977 1390 1037 nedum
1416 979 1581 1036 illum
1619 976 1729 1034 tali
1757 980 1918 1055 operi
1954 996 2169 1037 nomen
2195 977 2474 1036 historiae
2502 977 2792 1038 indidisse
2816 978 3006 1059 idque

823 1063 1029 1124 eodem
1080 1063 1207 1122 loco
1261 1083 1393 1121 cum
1437 1064 1518 1123 M.
1564 1062 1768 1120 Bibuli
1821 1061 2030 1120 edictis
2084 1068 2143 1120 et
2187 1060 2253 1121 C.
2301 1061 2577 1121 Curionis
2631 1066 3002 1124 orationibus

820 1152 1099 1251 posuisse.
1170 1148 1285 1206 huc
1321 1147 1550 1207 accedit
1585 1146 1743 1225 quod
1776 1146 2130 1205 Plutarchus
2173 1165 2249 1205 ex
2284 1146 2550 1205 Tanusio
2587 1149 2668 1208 Μ.
2706 1148 2998 1209 Catonem

819 1238 885 1293 in
946 1241 1155 1293 senatu
1218 1236 1514 1292 censuisse
1573 1231 1755 1291 refert
1808 1231 2120 1291 Caesarem
2170 1231 2517 1309 Usipetibus
2570 1233 3000 1312 Tencterisque

819 1327 1059 1398 propter
1092 1317 1376 1376 violatam
1411 1338 1445 1374 a
1493 1315 1842 1395 proconsule
1883 1316 2061 1375 fidem
2105 1314 2441 1376 dedendum
2484 1336 2626 1377 esse.
2697 1336 2770 1378 ea
2810 1321 3001 1395 igitur

817 1423 911 1463 res
963 1403 1040 1462 ad
1091 1423 1313 1461 annum
1367 1399 1593 1480 699s55
1648 1405 1917 1479 pertinet.
1987 1400 2220 1460 Volusii
2272 1409 2467 1461 autem
2518 1402 2764 1463 annales
2818 1423 2998 1482 supra

819 1488 1249 1548 demonstrasse
1293 1486 1465 1546 nobis
1507 1486 1779 1545 videmur
1810 1506 1941 1544 non
1984 1493 2118 1563 post
2160 1506 2382 1545 annum
2418 1483 2649 1563 694l60
2691 1491 2760 1546 in
2803 1488 2997 1548 lucem

819 1573 1008 1633 editos
1044 1591 1187 1632 esse.
1258 1571 1361 1630 sed
1398 1571 1493 1630 fac
1527 1572 1835 1630 historiam
1870 1571 2122 1629 Tanusii
2165 1570 2240 1629 ab
2278 1571 2594 1631 annalibus
2637 1576 2765 1632 eius
2801 1573 2996 1633 diver·

817 1679 943 1718 sam
984 1659 1208 1736 hosque
1258 1657 1525 1716 versibus
1577 1659 1931 1735 perscriptos
1977 1656 2174 1729 fuisse,
2231 1675 2381 1734 quae
2424 1657 2680 1736 Hauptii
2732 1667 2823 1717 est
2863 1678 2997 1719 sen-

814 1746 1029 1803 tentia:
1062 1762 1138 1801 ne
1173 1749 1299 1801 tum
1333 1742 1571 1821 quidem
1605 1741 1804 1800 nullus
1840 1740 2145 1819 scrupulus
2179 1748 2376 1800 restat.
2446 1761 2639 1820 neque
2674 1745 2834 1802 enim
2866 1743 2995 1803 ullo

814 1828 989 1887 modo
1024 1827 1393 1903 intellegitur
1427 1848 1543 1905 qua
1577 1826 1818 1885 tandem
1854 1821 2032 1885 causa
2067 1825 2353 1885 adductus
2390 1830 2467 1885 sit
2495 1826 2767 1887 Catullus
2790 1835 2859 1887 ut
2882 1849 2994 1907 pro

814 1914 1069 1973 Tanusii
1101 1915 1341 1971 nomine
1377 1912 1543 1971 aliud
1577 1911 1969 1984 substitueret,
2007 1918 2067 1970 et
2099 1910 2339 1990 quidem
2365 1930 2581 1971 nomen
2610 1933 2731 1972 non
2758 1913 2835 1973 ab
2862 1916 3041 1992 ipso.

814 2002 1214 2076 excogitatum
1259 2005 1362 2056 aut
1404 1998 1667 2074 vulgare,
1722 1996 1826 2055 sed
1879 1999 2073 2072 gentis
2109 1997 2413 2056 Romanae
2464 2000 2781 2076 proprium.
2851 2019 2990 2057 nam

813 2083 973 2162 quod
1015 2083 1359 2142 Schwabius
1403 2104 1499 2163 qu.
1538 2082 1669 2142 Cat.
1713 2101 1770 2160 p.
1818 2083 1937 2140 281
1986 2080 2065 2140 ad
2107 2081 2262 2140 hanc
2308 2080 2716 2142 difficultatem
2758 2083 2990 2161 paullu-

810 2169 935 2227 lum
966 2167 1406 2245 infringendam
1454 2170 1707 2228 coniecit
1750 2166 2242 2226 necessitudinem
2285 2166 2546 2245 aliquam
2578 2171 2736 2227 inter
2777 2171 2990 2227 utrius·

813 2272 928 2331 que
972 2260 1181 2330 poetae
1222 2252 1510 2311 familiam
1560 2254 1974 2325 intercessisse,
2026 2251 2107 2325 id,
2162 2255 2339 2310 etiam
2383 2255 2435 2310 si
2481 2252 2739 2313 firmiore
2779 2253 2991 2315 funda·

811 2345 1009 2397 mento
1053 2356 1229 2415 quam
1274 2337 1401 2397 sola
1443 2341 1671 2416 patriae
1714 2340 2122 2397 communione
2162 2340 2469 2409 niteretur,
2516 2343 2718 2397 tamen
2760 2342 2988 2399 nemini

813 2422 1107 2481 sufficeret
1147 2425 1444 2499 reputanti
1489 2422 1789 2482 Catullum
1831 2442 1909 2481 ne
1953 2442 1989 2480 a
2034 2421 2289 2481 Caesare
2341 2421 2579 2501 quidem
2634 2430 2835 2501 aperte
2887 2424 2990 2482 ad-

811 2507 1054 2567 oriendo
1091 2506 1458 2579 abstinuisse,
1497 2510 1767 2587 quamvis
1801 2514 2030 2587 patrem
2064 2527 2234 2566 suum
2269 2506 2511 2587 hospitii
2544 2511 2676 2568 iure
2709 2529 2842 2568 cum
2875 2509 2988 2568 illo

811 2597 1187 2653 coniunctum
1239 2612 1366 2652 esse
1410 2596 1600 2653 sciret.
1673 2595 1911 2651 omnino
1957 2601 2153 2652 autem
2197 2592 2586 2652 demonstrari
2628 2614 2749 2652 non
2791 2602 2992 2672 potest
3078 2628 3087 2636 ·

808 2682 874 2738 in
911 2679 1267 2738 carminibus
1303 2677 1659 2737 Catullianis
1695 2677 1834 2735 ficta
1868 2681 2109 2736 nomina
2141 2680 2335 2736 inesse
2370 2686 2604 2756 praeter
2636 2678 2891 2738 Lesbiae
2931 2687 2989 2740 et

806 2764 1029 2837 Lesbii,
1067 2784 1315 2843 quorum
1351 2782 1504 2842 quae
1539 2766 1618 2822 sit
1652 2782 1829 2821 causa
1862 2770 2041 2841 patet.
2112 2783 2248 2821 nam
2275 2763 2578 2823 Mentulae
2613 2771 2672 2823 et
2694 2763 2990 2842 Ipsitillae

806 2851 1115 2909 nominum
1168 2849 1288 2907 alia
1339 2857 1426 2909 est
1476 2850 1643 2907 ratic.
1714 2865 1870 2928 quae
1920 2868 2054 2907 cum
2106 2849 2192 2906 ita
2244 2850 2384 2921 sint,
2439 2855 2699 2926 praestat
2748 2857 2985 2927 poetam

808 2937 1040 3011 epicum
1091 2933 1327 2993 illorum
1378 2941 1707 3013 temporum
1758 2932 2121 3010 adgnoscere
2183 2935 2281 2991 cui
2330 2952 2537 2993 verum
2590 2952 2809 2993 nomen
2860 2942 2987 2993 erat

804 3021 1070 3091 Volusi0,
1122 3018 1363 3078 aliunde
1399 3038 1533 3078 eum
1567 3039 1689 3077 non
1723 3020 1913 3095 magis
1947 3019 2118 3077 nobis
2153 3029 2359 3077 notum
2394 3038 2573 3097 quam
2610 3018 2889 3078 Suffenus
2925 3027 2986 3080 et

809 3103 1068 3163 Caesius
1165 3112 1603 3182 conparentque
1671 3103 1904 3163 Volusii
1975 3095 2221 3181 saepius*
2276 3105 2340 3161 in
2409 3102 2828 3182 transpadanis
2895 3106 2984 3162 in-

808 3188 1242 3266 scriptionibuS,
1279 3187 1466 3247 veluti
1500 3189 1565 3246 in
1596 3187 1931 3247 Veronensi
1966 3184 2058 3262 (C.
2095 3187 2146 3246 Ι.
2180 3188 2251 3246 L.
2286 3189 2362 3261 V,
2403 3190 2458 3261 1,
2497 3208 2557 3248 n.
2596 3187 2790 3266 3620)
2827 3196 2887 3249 et
2917 3190 2985 3249 in

805 3273 1094 3331 Brixiana
1129 3270 1296 3347 (ibid.
1331 3292 1390 3330 n.
1430 3269 1643 3346 4769).

930 3358 1068 3416 Duo
1122 3358 1549 3435 epigrammata
1600 3355 1716 3416 CX
1769 3363 1829 3416 et
1873 3354 2024 3416 CXI
2069 3355 2339 3416 Catullus
2392 3366 2598 3418 contra
2638 3356 2982 3420 Aufilenam

805 3441 1102 3521 quandam
1138 3444 1347 3515 emisit,
1394 3461 1545 3521 quae
1590 3450 1800 3519 poetae
1843 3443 1993 3500 iram
2037 3460 2106 3501 eo
2151 3451 2417 3502 moverat
2458 3450 2525 3502 ut
2566 3462 2815 3503 munera
2857 3446 2984 3503 eius

804 3528 1006 3587 crebro
1042 3529 1350 3605 acciperet,
1395 3527 1502 3587 sed
1545 3529 1896 3606 promissum
1930 3526 2194 3586 officium
2238 3535 2537 3606 praestare
2579 3525 2780 3587 nollet.
2853 3547 2981 3587 eam

802 3613 1105 3673 mulierem
1148 3619 1396 3691 nuptam
1440 3612 1621 3671 fuisse
1666 3614 2106 3690 epigrammatis
2153 3612 2393 3672 alterius
2438 3612 2748 3672 exordium
2794 3611 2980 3687 docet,

800 3701 1203 3759 Veronensem
1236 3696 1429 3757 fuisse>
1454 3716 1530 3756 ex
1557 3700 1833 3756 carminis
1862 3696 1910 3756 C
1938 3698 2144 3775 primis
2168 3697 2475 3758 versiculis
2511 3699 2718 3757 merito
2754 3698 2981 3773 colligi·

795 3793 913 3857 tur,
967 3784 1073 3843 ubi
1127 3782 1367 3842 Caelius
1418 3790 1477 3842 et
1529 3780 1826 3855 Quintius,
1881 3782 1988 3840 flos
2040 3784 2323 3841 iuvenum
2375 3782 2825 3856 Veronensium,
2878 3783 2979 3842 1116

796 3869 1042 3928 fratrem
1075 3868 1310 3946 puellae
1341 3867 1702 3939 Aufilenum,
1738 3866 1836 3926 hic
1869 3868 2058 3945 ipsam
2092 3867 2436 3926 Aufilenam
2473 3867 2740 3946 deperire
2777 3867 2977 3927 dicun·

798 3962 914 4013 tur.
969 3960 1028 4013 et
1060 3952 1282 4029 legitur
1306 3952 1418 4011 hoc
1444 3971 1662 4012 nomen
1696 3954 1761 4010 in
1788 3951 2167 4030 conpluribus
2194 3952 2676 4031 inscriptionibus
2704 3954 2978 4013 Veronae

800 4044 903 4097 aut
945 4040 1010 4096 in
1054 4057 1196 4114 agro
1242 4038 1573 4097 Veronensi
1616 4039 1863 4115 repertis
1911 4033 2003 4110 (C.
2048 4037 2100 4096 Ι.
2136 4036 2206 4094 L.
2243 4038 2316 4110 V,
2358 4042 2415 4110 1,
2460 4059 2521 4097 n.
2558 4037 2743 4096 3506.
2794 4038 2975 4097 3507.

798 4124 984 4182 4008.
1016 4121 1168 4181 conf.
1196 4132 1500 4200 praeterea
1526 4143 1584 4181 n.
1614 4118 1825 4196 4129),
1861 4123 1979 4179 nisi
2004 4121 2163 4200 quod
2188 4122 2273 4182 ibi
2309 4130 2646 4182 constanter
2671 4125 2980 4195 Aufillenus

792 4215 857 4268 et
898 4210 1177 4280 Aufillena
1218 4210 1469 4267 incisum
1515 4214 1618 4281 est,
1666 4226 1813 4286 quas
1857 4206 2073 4265 formas
2108 4207 2509 4267 Mommsenus
2553 4216 2753 4268 censet
2796 4210 2974 4269 etiam
