3225 5171
676 422 760 466 XX
1539 418 1994 462 PROLEGOMENA

680 540 1036 599 difficultate
1069 541 1155 599 rei
1188 541 1556 598 nummariae
1589 537 1909 598 liberatum
1941 556 2082 597 esse.
2145 540 2365 616 quippe
2400 558 2577 618 quem
2618 547 2862 618 propter

677 627 910 698 nimios,
946 626 1290 704 praesertim
1323 645 1430 703 pro
1467 626 1651 703 patris
1678 624 2055 702 parsimonia,
2091 632 2357 702 sumptus
2392 643 2468 683 ex
2496 642 2632 683 aere
2660 624 2855 683 alieno

677 710 978 769 laborasse
1021 712 1274 768 sciamus
1317 708 1497 785 (conf.
1545 708 1667 769 Cic.
1712 729 1769 788 p.
1819 707 1979 768 Cael.
2025 707 2058 781 ξ
2108 710 2204 765 17.
2251 711 2348 767 36.
2396 710 2475 767 38
2523 728 2655 768 cum
2698 709 2859 769 Dru-

677 815 896 854 manno
921 795 1008 867 H,
1037 816 1094 874 p.
1115 797 1236 853 411
1269 791 1388 870 ss.).
1444 801 1650 853 contra
1674 813 1864 869 nugas
1893 800 2180 870 agunt—
2198 801 2265 852 ut
2289 796 2537 852 strictim
2564 797 2857 870 attingam

679 879 838 959 quod
879 879 1236 940 refutatione
1278 877 1528 956 dignum
1571 900 1694 937 non
1741 886 1829 937 est
1869 910 1955 919 ——-
1999 879 2103 956 qui
2147 880 2324 937 etiam
2370 878 2636 938 Caelium
2673 880 2858 939 Vero-

676 983 922 1026 nensem
965 960 1111 1039 (vid.
1148 984 1196 1022 c.
1233 964 1448 1024 LVIII
1491 973 1552 1024 et
1586 960 1663 1038 C)
1707 962 1961 1023 eundem
2005 983 2139 1021 cum
2185 961 2387 1022 Caelio
2423 965 2583 1023 Rufo
2628 971 2858 1024 oratore

677 1069 804 1110 esse
854 1049 1107 1129 probare
1150 1048 1404 1125 student.
1475 1050 1662 1108 alium
1708 1048 1929 1108 Catulli
1970 1049 2034 1106 in
2079 1066 2278 1107 amore
2312 1049 2567 1108 Lesbiae
2609 1048 2858 1108 rivalem

676 1135 960 1195 Lesbium
1008 1137 1408 1212 cognovimuS.
1471 1154 1588 1213 quo
1634 1134 1874 1212 quidem
1917 1135 2171 1205 nomine,
2220 1152 2356 1192 cum
2388 1133 2611 1193 Lesbia
2653 1135 2858 1193 fictum

674 1240 893 1280 nomen
935 1222 1012 1280 sit
1053 1241 1158 1299 pro
1197 1218 1432 1292 Clodia,
1480 1217 1727 1278 Clodius
1774 1216 2016 1297 quidam
2061 1217 2426 1294 significetur
2468 1238 2707 1279 necesse
2750 1227 2855 1278 est.

673 1306 927 1365 Lesbius
963 1314 1162 1364 autem
1195 1307 1307 1363 iste
1343 1325 1392 1363 c.
1429 1303 1730 1363 LXXIX·
1754 1313 1822 1361 ut
1855 1303 2110 1362 Lesbiae
2151 1303 2533 1380 cunnilingus
2579 1306 2856 1383 carpitur.

674 1390 834 1450 idem
870 1390 948 1448 ad
973 1389 1241 1449 libidinis
1271 1409 1458 1466 genus
1487 1388 1736 1448 Sextum
1764 1387 2055 1461 Clodium,
2091 1387 2160 1445 P.
2191 1387 2389 1447 Clodii
2412 1388 2855 1464 adsectatorem‚

677 1475 926 1535 Clodiae
959 1474 1416 1554 quadrantariae
1452 1494 1693 1552 operam
1727 1493 1895 1532 suam
1931 1472 2331 1533 commodasse
2366 1472 2574 1534 Cicero
2622 1477 2857 1553 saepius

675 1559 990 1638 significat,
1028 1561 1093 1617 in
1127 1561 1335 1638 primis
1369 1561 1435 1618 in
1469 1562 1735 1621 oratione
1770 1557 1845 1618 de
1879 1558 2052 1617 domo
2089 1557 2124 1632 ἕ
2163 1559 2260 1616 25.
2296 1558 2450 1618 conf.
2487 1561 2666 1618 etiam
2702 1558 2736 1633 ἓ
2772 1561 2857 1617 47

676 1653 737 1704 et
770 1647 870 1716 83,
917 1651 977 1704 et
1012 1664 1094 1703 or.
1129 1664 1188 1722 p.
1227 1643 1388 1703 Cael.
1426 1643 1460 1718 ᾗ
1501 1646 1597 1703 78.
1669 1647 1871 1723 itaque
1914 1643 2076 1701 hunc
2121 1662 2249 1702 esse
2292 1663 2429 1702 eum
2464 1663 2640 1723 quem
2680 1653 2860 1723 poeta

673 1730 880 1790 Lesbii
914 1731 1156 1790 nomine
1198 1728 1455 1788 inrideat
1490 1750 1668 1808 quam
1715 1731 1971 1788 maxime
2006 1727 2329 1806 probabile,
2376 1748 2453 1788 ne
2499 1728 2692 1788 dicam
2736 1748 2859 1789 cer-

674 1824 803 1874 tum
839 1823 943 1888 est,
990 1816 1409 1894 perspexitque
1444 1818 1669 1892 primus
1702 1814 1903 1875 Iustus
1929 1814 2168 1891 Lipsius
2204 1816 2502 1875 variarum
2536 1814 2858 1874 lectionum

673 1900 712 1958 l.
748 1900 800 1974 I,
838 1920 887 1958 c.
925 1899 982 1958 5.
1054 1902 1150 1958 cui
1185 1901 1512 1960 sententiae
1547 1899 1896 1959 Schwabius
1930 1919 1987 1978 p.
2028 1899 2108 1957 90
2136 1918 2209 1957 se.
2247 1900 2468 1958 iniuria
2511 1898 2857 1958 adversatus

675 1992 778 2046 est.
851 1987 955 2064 qui
1006 1985 1307 2045 Muretum
1359 1993 1592 2044 secutus
1635 1983 1920 2043 Publium
1969 1985 2167 2062 potius
2211 1982 2487 2042 Clodium
2532 1985 2858 2061 significari

673 2071 821 2144 vult,
876 2070 958 2129 ad
1008 2073 1175 2129 cuius
1229 2089 1558 2148 cognomen
1600 2068 1848 2129 Pulchri
1897 2076 2135 2148 poetam
2184 2068 2383 2128 verbis
2439 2069 2718 2129 ‘Lesbius
2770 2077 2860 2129 est

673 2154 906 2235 pulcer’
960 2157 1292 2233 respexisse
1342 2162 1527 2233 putat.
1605 2174 1815 2214 verum
1867 2154 2049 2213 talem
2099 2155 2265 2212 vocis
2318 2173 2470 2232 quae
2525 2162 2614 2213 est
2655 2158 2860 2231 pulcer

675 2240 1126 2316 ambiguitatem
1163 2261 1199 2298 a
1231 2242 1422 2318 primo
1468 2240 1568 2299 hic
1612 2247 1870 2300 statuere
1911 2260 2035 2298 non
2078 2247 2167 2298 est
2208 2241 2631 2313 necessarium,
2678 2241 2860 2298 statui

675 2333 875 2384 autem
911 2344 1105 2403 posse,
1153 2327 1332 2383 etiam
1375 2327 1428 2383 si
1462 2324 1600 2384 Sex.
1641 2323 1917 2384 Clodium
1960 2322 2399 2400 intellegamus,
2444 2343 2587 2382 mox
2626 2323 2860 2385 videbi-

674 2430 822 2469 mus.
887 2408 1104 2469 deinde
1130 2411 1200 2468 P.
1234 2408 1508 2469 Clodium
1542 2417 1751 2468 notum
1787 2417 1876 2469 est
1903 2408 2142 2488 quidem
2178 2411 2573 2487 suspicionem
2598 2409 2859 2469 incestus

677 2515 811 2554 cum
848 2514 1044 2554 sorore
1095 2494 1563 2554 facti‘habuisse
1618 2489 1797 2568 (conf.
1851 2493 1969 2553 loci
2015 2514 2051 2552 a
2093 2494 2446 2553 Drumanno
2488 2494 2575 2567 H,
2629 2515 2685 2573 p.
2733 2496 2855 2554 381

675 2581 802 2640 sive
837 2601 874 2639 a
908 2578 1220 2639 Schwabio
1256 2601 1311 2659 p.
1344 2581 1421 2638 62
1460 2578 1767 2658 congesti),
1805 2578 1911 2639 sed
1943 2577 2008 2637 id
2042 2579 2335 2656 flagitium
2371 2578 2532 2658 quod
2567 2582 2860 2659 epigram-

673 2674 833 2724 mate
871 2664 1210 2725 Catulliano
1254 2664 1553 2724 indicatur
1595 2685 1770 2725 nemo
1816 2672 2084 2723 veterum
2119 2666 2176 2723 ei
2220 2664 2616 2743 exprobravit,
2661 2684 2860 2744 neque

675 2751 1021 2811 Schwabius
1056 2751 1276 2810 talibus
1320 2752 1464 2811 locis
1499 2750 1694 2829 qualis
1741 2758 1827 2810 est
1861 2749 2166 2809 Ciceronis
2202 2744 2509 2810 Sestianae
2545 2748 2579 2824 ἓ
2619 2752 2719 2824 16,
2752 2750 2861 2810 ubi

674 2844 872 2896 orator
912 2838 1218 2896 inimicum
1271 2856 1443 2895 suum
1487 2835 1790 2895 hominem
1833 2835 2023 2894 ‘omni
2067 2834 2339 2893 inaudita
2381 2834 2656 2895 libidine’
2702 2838 2861 2894 insa-

673 2942 820 2981 num
855 2923 1008 2995 sive,
1051 2929 1120 2980 ut
1152 2942 1288 2981 cum
1323 2922 1621 2983 veteribus
1658 2920 1980 2981 editoribus
2015 2919 2199 2993 malo,
2245 2920 2529 2980 infamem
2564 2919 2732 2994 dicit,
2778 2920 2861 2979 ad

674 3006 1095 3067 stabiliendam
1129 3027 1295 3066 suam
1332 3009 1689 3067 sententiam
1723 3007 1889 3066 abuti
1925 3004 2146 3064 debuit.
2216 3005 2378 3085 quod
2410 3025 2552 3065 vero
2587 3005 2749 3065 idem
2785 3004 2861 3065 de

675 3092 815 3151 Sex.
855 3090 1064 3150 Clodio
1101 3093 1351 3168 cogitari
1385 3111 1556 3171 posse
1598 3099 1783 3167 negat
1821 3098 2135 3170 propterea
2176 3092 2319 3170 quia
2361 3089 2520 3149 hunc
2563 3111 2685 3150 non
2729 3090 2861 3169 pul-

676 3176 900 3247 chrum,
950 3175 1056 3234 sed
1093 3174 1415 3235 deformem
1451 3178 1647 3254 potius
1692 3176 1875 3235 fuisse
1921 3174 2225 3235 Ciceronis
2259 3177 2325 3234 in
2357 3174 2639 3235 Pisonem
2675 3178 2859 3235 oratio

675 3258 710 3333 ἓ
750 3263 787 3320 8
826 3258 1050 3333 doceat,
1096 3281 1218 3319 non
1252 3260 1551 3320 intellexit
1584 3280 1835 3320 acumen
1876 3262 2053 3339 primi
2095 3279 2317 3333 versus,
2363 3259 2523 3340 quod
2565 3260 2743 3339 quale
2785 3263 2862 3320 sit

672 3344 1114 3406 Vorlaenderus
1149 3345 1188 3403 l.
1225 3366 1274 3404 c.
1311 3366 1367 3424 p.
1406 3346 1442 3403 5
1480 3354 1640 3405 recte
1683 3344 2021 3424 explicavit.
2091 3346 2375 3404 nimirum
2416 3348 2501 3404 sic
2544 3345 2729 3404 verba
2771 3347 2861 3405 in·

671 3429 1037 3507 tellegenda:
1093 3429 1405 3490 ‘Lesbium
1459 3450 1593 3489 cum
1643 3438 1822 3491 antea
1879 3450 2108 3511 semper
2159 3430 2483 3490 deformem
2534 3428 2857 3503 habuerim,

673 3534 900 3575 errasse
925 3534 1020 3575 me
1048 3535 1117 3575 eo
1145 3516 1391 3595 adparet
1407 3516 1567 3595 quod
1584 3515 1807 3575 Lesbia
1832 3515 2001 3574 illum
2028 3516 2178 3574 mihi
2204 3514 2546 3595 anteponit.’
2600 3523 2861 3575 ceterum

673 3621 809 3659 cum
850 3608 1030 3679 poeta
1072 3601 1356 3661 Lesbiam
1401 3601 1560 3661 dicat
1593 3601 1881 3661 Lesbium
1924 3601 2106 3660 malle
2150 3621 2328 3680 quam
2374 3619 2437 3660 se
2483 3600 2666 3659 ‘cum
2706 3608 2860 3660 tota

673 3686 912 3762 gente’
960 3706 1084 3759 sua,
1132 3686 1293 3766 quod
1328 3706 1472 3746 sane
1504 3689 1721 3746 mirum
1756 3694 1861 3760 est,
1910 3688 2222 3766 gentisque
2262 3688 2478 3745 iterum
2521 3706 2577 3744 v.
2617 3687 2653 3745 3
2698 3704 2860 3745 men·

670 3773 896 3832 tionem
932 3772 1130 3845 faciat,
1179 3790 1257 3831 ne
1289 3770 1357 3830 id
1394 3772 1636 3852 quidem
1669 3792 1791 3831 non
1835 3779 2030 3850 potest
2064 3779 2288 3831 certum
2321 3770 2567 3850 aliquod
2610 3789 2862 3830 acumen

671 3854 906 3915 habere.
976 3856 1185 3916 videor
1219 3867 1418 3916 autem
1452 3858 1601 3917 mihi
1636 3856 1782 3937 quid
1816 3857 2004 3916 subsit
2039 3856 2348 3916 enucleare
2384 3874 2573 3934 posse.
2635 3856 2863 3915 scilicet

673 3940 813 4000 Sex.
852 3940 1098 4001 Clodius
1141 3961 1265 4001 non
1301 3950 1427 4002 erat
1469 3945 1665 4020 gentis
1703 3941 2017 4015 Claudiae,
2072 3942 2177 4001 sed
2217 3941 2394 4000 homo
2437 3942 2687 4001 obscuro
2729 3941 2860 4000 loco

670 4033 848 4085 natus
903 4045 1231 4106 egensque,
1295 4047 1472 4107 quem
1524 4048 1562 4087 a
1610 4027 1822 4087 liberto
1877 4025 2114 4085 Claudii
2176 4024 2482 4085 cuiusdam
2545 4026 2861 4085 oriundum

672 4110 858 4171 fuisse
891 4112 1279 4171 Drumannus
1313 4113 1400 4187 H,
1436 4134 1493 4192 p.
1532 4113 1655 4173 386
1692 4112 2077 4191 probabiliter
2111 4112 2440 4188 suspicatus
2484 4118 2587 4170 est.
2658 4114 2861 4190 itaque

671 4204 917 4276 poetam
968 4198 1158 4277 primo
1212 4200 1655 4277 epigrammatis
1710 4197 1960 4258 disticho
2012 4216 2136 4256 non
2185 4195 2377 4255 solum
2429 4194 2864 4256 deformitatem
