3225 5171
1155 461 1608 505 PROLEGOMENA
2289 461 2476 501 XXXIX

299 599 437 638 raro
474 587 533 638 et
563 587 731 658 pater
765 581 953 638 caruit
987 598 1180 658 neque
1215 579 1373 638 filius
1407 579 1510 639 ille
1542 600 1667 639 non
1701 581 1956 639 caruisse
1998 585 2205 658 potest.
2278 581 2381 658 qui
2425 580 2477 636 si

302 683 376 724 00
412 684 550 723 usus
586 672 753 737 esset,
789 666 896 722 vix
929 666 993 723 in
1026 672 1225 724 nostro
1262 667 1524 724 carmine
1559 667 1643 724 sic
1676 667 1766 722 uti
1799 664 1867 723 fit
1902 685 1938 722 a
1973 664 2154 724 fratre
2190 664 2476 741 distingui

302 751 511 827 potuit.
590 748 1084 829 quemadmodum
1144 758 1340 808 autem
1401 749 1594 808 Pollio
1657 755 1852 816 orator
1909 749 2032 808 filio
2093 752 2350 808 maximo
2411 751 2489 807 in-

303 833 510 894 Gallia
544 835 831 913 cisalpina
865 845 1011 894 nato
1040 835 1152 893 hac
1188 854 1263 894 ex
1294 854 1360 894 re
1403 854 1732 912 cognomen
1768 833 1943 894 Gallo
1987 836 2250 912 inposuit
2295 833 2475 908 (conf.

303 919 691 978 Drumannus
725 920 809 992 II,
845 940 901 998 p.
942 917 1064 994 12),
1108 922 1194 978 ita
1235 919 1419 979 frater
1462 922 1707 978 oratoris
1751 938 1920 979 suum
1967 938 2294 996 cognomen
2336 919 2477 979 inde

304 1006 600 1082 acceperit
652 1003 826 1083 quod,
879 1007 1222 1084 priusquam
1273 1012 1443 1082 pater
1493 1005 1687 1081 Teati,
1740 1005 2215 1062 Marrucinorum
2266 1007 2475 1083 capite,

304 1089 558 1147 Romam
592 1092 980 1166 migravisse&
1024 1092 1090 1147 in
1132 1090 1324 1150 lucem
1368 1089 1560 1148 editus
1606 1095 1772 1149 esset.
1843 1109 2019 1168 quem
2063 1089 2252 1147 filium
2295 1089 2479 1149 fuisse

304 1180 454 1231 natu
505 1175 785 1235 maiorem
830 1194 907 1234 ex
949 1194 1018 1234 eo
1069 1175 1210 1234 licet
1258 1174 1539 1251 colligere
1582 1174 1742 1254 quod
1784 1174 2045 1233 Pollioni
2085 1177 2269 1253 patris
2313 1193 2479 1253 prae·

304 1276 524 1317 nomen
567 1279 689 1318 non
739 1267 881 1332 erat,
935 1260 1208 1339 idemque
1261 1263 1438 1319 etiam
1488 1279 1596 1338 per
1640 1257 1941 1319 Catullum
1993 1259 2250 1338 quodam
2301 1260 2477 1320 modo

310 1343 706 1417 confirmatur,
753 1347 857 1423 qui
890 1358 947 1403 v.
987 1347 1022 1402 9
1059 1340 1393 1405 Pollionem
1427 1363 1677 1423 puerum
1719 1351 1907 1403 vocat.
1976 1344 2256 1403 Asinium
2298 1347 2481 1421 igitur

308 1430 487 1486 istum
521 1428 924 1488 Marrucinum
966 1437 1142 1508 poeta
1173 1450 1358 1490 unum
1393 1449 1426 1489 e
1460 1429 1712 1489 sudariis
1748 1429 2017 1490 Saetabis
2052 1449 2091 1488 a
2122 1430 2378 1489 Fabullo
2423 1437 2483 1489 et

308 1513 569 1572 Veranio
623 1534 699 1573 ex
749 1515 1046 1594 Hispania
1097 1516 1211 1574 sibi
1263 1514 1418 1573 dono
1471 1517 1664 1574 missis
1718 1516 2068 1593 surripuisse
2120 1517 2479 1574 criminatur.

310 1597 470 1657 unde
504 1618 621 1677 quo
655 1599 779 1659 fere
811 1608 1074 1679 tempore
1109 1621 1156 1659 0.
1191 1601 1324 1659 XII
1369 1602 1650 1678 scriptum
1685 1602 1764 1658 sit
1804 1600 1952 1657 mihi
1984 1598 2192 1658 videor
2236 1599 2483 1660 definire

308 1701 497 1761 posse.
560 1683 664 1743 sed
697 1685 844 1745 haec
878 1687 1143 1764 quaestio
1180 1684 1508 1744 differenda
1542 1693 1649 1758 est,
1685 1684 1873 1743 donec
1908 1684 1986 1743 ad
2020 1683 2167 1744 duos
2200 1684 2333 1744 illos
2372 1684 2483 1744 Ca·

309 1767 447 1826 tulli
490 1770 708 1829 amicos
751 1789 1069 1850 eorumque
1111 1772 1176 1829 in
1209 1771 1507 1849 Hispania
1548 1771 2083 1850 peregrinationem
2127 1768 2481 1847 disputando

307 1871 651 1930 progressus
711 1873 825 1914 ero.
878 1886 965 1897 —-
1017 1858 1262 1914 carmini
1313 1855 1444 1914 XII
1504 1863 1850 1932 argumento
1909 1854 2233 1932 persimile,
2296 1855 2481 1913 multo

309 1945 510 1997 autem
545 1938 647 1997 illo
683 1941 948 2001 acerbius
983 1940 1170 2001 XXV
1207 1948 1310 2014 est,
1355 1943 1420 1999 in
1456 1960 1572 2019 quo
1611 1938 1817 1998 Thalli
1853 1938 2157 1997 cuiusdam
2190 1941 2483 2016 rapacitas

309 2024 664 2099 exagitatur.
741 2033 919 2104 atque
986 2025 1100 2084 hoc
1161 2025 1269 2084 sub
1340 2028 1577 2083 nomine
1639 2023 1891 2083 eundem
1951 2023 2231 2081 Asinium
2297 2022 2483 2082 latere

307 2108 612 2167 Brunerus
646 2130 704 2187 p.
743 2112 864 2169 637
903 2109 1043 2169 inde
1080 2108 1480 2185 colligendum
1516 2127 1644 2168 esse
1678 2108 1993 2166 arbitratur
2027 2105 2186 2186 quod
2214 2106 2484 2166 Catullus

307 2192 592 2251 ThaUum
609 2214 845 2274 quoque
861 2215 917 2252 v.
940 2197 976 2252 7
997 2196 1247 2272 surrepti
1275 2194 1388 2252 sibi
1414 2192 1636 2252 sudarii
1655 2192 1894 2252 Saetabi
1919 2193 2174 2251 incuset:
2202 2210 2484 2270 peragere

306 2279 495 2353 igitur
528 2287 761 2356 poetam
796 2279 910 2338 1100
945 2280 1204 2337 carmine
1239 2277 1398 2357 quod
1433 2297 1494 2336 se
1531 2297 1578 2335 c.
1616 2276 1749 2335 XII
1787 2278 1867 2334 10
1895 2296 1957 2349 s.,
1995 2279 2046 2335 si
2080 2277 2328 2336 linteum
2363 2298 2487 2336 non

307 2365 719 2435 remitteretur,
764 2363 1059 2422 facturum
1095 2381 1222 2422 esse
1256 2365 1513 2422 minatus
1548 2364 1640 2434 sit,
1685 2361 1789 2421 sed
1822 2362 1897 2421 ob
1944 2362 2322 2422 acerbitatem
2356 2382 2488 2421 ver-

309 2467 486 2506 suum
537 2450 603 2505 in
653 2447 895 2507 fratrem
945 2447 1235 2507 Pollionis
1287 2447 1434 2507 falso
1487 2449 1726 2506 nomine
1777 2446 2059 2506 adhibito.
2131 2465 2336 2506 verum
2350 2493 2363 2520 ,
2418 2455 2487 2506 ut

309 2534 581 2592 omittam
632 2532 792 2612 quod
835 2532 1120 2606 CatulluS,
1174 2552 1308 2593 cum
1348 2531 1559 2593 Asinio
1602 2531 2128 2611 hendecasyllabos
2175 2532 2485 2592 denuntia-

308 2619 483 2690 verit,
538 2618 820 2677 Thallum
861 2619 1073 2678 iambis
1125 2620 1461 2691 insectatur,
1515 2626 1576 2677 at
1627 2619 1786 2677 hunc
1829 2617 2068 2698 quidem
2120 2639 2242 2677 non
2294 2619 2485 2677 solum

309 2701 615 2761 sudarium
651 2704 988 2776 Saetabum,
1034 2703 1136 2763 sed
1172 2707 1349 2763 etiam
1385 2704 1632 2782 pallium
1675 2705 2181 2782 catagraphosque
2215 2703 2482 2782 ThynoS,

310 2788 389 2847 de
424 2789 639 2867 quibus
672 2792 738 2848 in
766 2810 814 2849 0.
839 2789 974 2848 XII
1008 2790 1159 2848 nihil
1192 2790 1372 2868 plane
1404 2789 1673 2866 legimus,
1711 2789 1825 2847 sibi
1850 2789 2108 2847 furatum
2136 2807 2263 2846 esse
2294 2790 2486 2846 crimi-

309 2880 505 2932 natur.
575 2874 735 2954 quod
770 2895 904 2933 cum
939 2877 1024 2934 ita
1058 2877 1148 2946 sit,
1194 2882 1455 2954 praestat
1491 2874 1758 2932 confiteri
1791 2872 2076 2931 Thallum
2111 2872 2281 2930 nobis
2315 2875 2485 2949 igno-

307 2966 441 3017 tum
486 2978 628 3018 esse.
698 2980 838 3018 nam
882 2959 1179 3019 Schwabii
1220 2981 1279 3039 p.
1330 2960 1447 3017 149
1488 2978 1560 3018 ss‚
1608 2959 1834 3036 opini0,
1881 2959 1984 3036 qui
2027 2958 2370 3017 Iuventium
2416 2977 2483 3017 eo

308 3045 555 3102 nomine
590 3044 988 3119 significatum
1030 3064 1158 3104 esse
1202 3046 1469 3115 coniecit,
1513 3042 1698 3101 multo
1742 3044 1936 3102 minus
1971 3044 2151 3102 etiam
2197 3062 2487 3102 commen-

308 3128 573 3187 dationis
609 3128 802 3187 habet.
871 3148 1065 3208 neque
1108 3138 1196 3189 est
1238 3130 1476 3187 omnino
1513 3148 1617 3187 cur
1660 3127 1734 3187 de
1777 3127 1913 3186 ficto
1956 3130 2153 3205 potius
2189 3147 2368 3206 quam
2412 3126 2487 3188 de

309 3232 458 3273 vero
511 3214 750 3272 nomine
794 3216 1133 3289 cogitemus.
1205 3213 1357 3272 conf.
1402 3212 1648 3273 Ellisius
1692 3220 1999 3272 comment.
2042 3234 2099 3292 p.
2149 3213 2227 3271 65
2266 3233 2328 3286 s.,
2383 3213 2487 3273 ubi

311 3304 550 3377 praeter
599 3295 781 3375 Apul.
835 3298 986 3376 apol.
1041 3300 1122 3357 43
1178 3305 1237 3358 et
1287 3300 1370 3357 44
1423 3300 1599 3357 etiam
1648 3300 2061 3377 inscriptiones
2111 3319 2236 3358 non
2288 3299 2488 3358 nullae

310 3399 534 3441 nomen
561 3381 766 3441 Thalli
794 3385 1158 3443 continentes
1187 3382 1547 3457 adferuntur,
1584 3384 1816 3463 quibuS,
1854 3385 1905 3442 si
1932 3402 2078 3461 opus
2107 3390 2275 3457 esset,
2311 3383 2488 3443 facile

315 3468 473 3527 aliae
507 3467 604 3527 vel
649 3487 725 3527 ex
760 3467 962 3527 Gallia
1006 3468 1293 3546 cisalpina
1337 3468 1478 3527 addi
1519 3475 1803 3547 poterant.
1876 3486 1954 3527 ex
1998 3469 2489 3545 catagraphorum

314 3560 517 3612 autem
552 3552 905 3631 Thynorum
948 3556 1495 3612 commemoratione
1538 3556 1667 3612 iure
1712 3551 2008 3629 colligitur
2051 3573 2099 3613 c.
2136 3554 2322 3613 XXV
2365 3573 2489 3611 non

317 3645 456 3696 ante
508 3657 732 3696 annum
786 3632 1013 3717 698s56
1068 3638 1191 3697 fere
1242 3638 1500 3697 medium
1553 3639 1834 3713 scriptum
1887 3656 2037 3710 esse,
2091 3637 2330 3717 quando
2382 3640 2489 3696 vix

314 3721 578 3780 dubitari
628 3730 823 3801 potest
873 3725 1018 3802 quin
1073 3721 1341 3781 Catullus
1392 3724 1526 3782 illos
1578 3741 1610 3781 e
1661 3722 1950 3800 Bithynia
2000 3742 2198 3782 secum
2249 3722 2489 3781 domum

314 3806 594 3865 attulerit.
666 3807 1030 3887 eandemque
1076 3808 1524 3880 conclusionem,
1569 3814 1636 3865 ut
1677 3805 1835 3865 infra
1868 3806 2219 3879 videbimus,
2266 3806 2491 3866 sudarii

314 3891 564 3951 Saetabi
598 3912 831 3972 quoque
864 3894 1082 3952 mentio
1119 3892 1345 3951 subicit.

447 3977 732 4036 Eiusdem
766 3981 998 4054 generis
1043 3978 1399 4037 carminibus
1440 3997 1563 4036 non
1604 3994 1812 4036 vereor
1855 3979 2032 4035 etiam
2068 3998 2116 4036 c.
2152 3977 2367 4035 XLIX
2411 3976 2489 4035 ad

318 4062 402 4119 M.
452 4061 719 4121 Tullium
762 4063 1105 4123 Ciceronem
1158 4064 1398 4121 missum
1450 4061 1854 4122 adnumerare.
1924 4062 2084 4141 quod
2135 4082 2268 4121 cum
2312 4070 2490 4122 antea

318 4149 405 4203 ita
440 4146 870 4208 intellexissent
902 4156 969 4207 ut
1009 4155 1244 4226 poetam
1280 4150 1496 4205 oratori
1531 4149 1681 4206 serio
1726 4148 1947 4224 gratias
1982 4166 2158 4225 agere
2194 4155 2485 4225 putarent,

316 4229 394 4290 O.
431 4230 795 4291 Ribbeckius
838 4233 1028 4294 libelli
1070 4232 1144 4292 de
1181 4231 1413 4293 Catullo
1456 4254 1513 4312 p.
1552 4233 1631 4292 22
1670 4240 1727 4293 et
1763 4232 1842 4291 52
1872 4252 1913 4291 s.
1958 4235 2266 4293 rectiorem
2309 4235 2490 4291 inter-
