3225 5171
1192 410 1658 453 PROLEGOMENA‘
2359 407 2516 453 XXIII

337 536 544 608 captos
578 530 833 589 tenuerit
867 524 1046 602 (conf.
1084 527 1208 588 Cic.
1242 549 1300 608 p.
1339 526 1498 589 Cael.
1537 528 1570 604 ἓ
1609 525 1758 604 67)?
1808 545 1921 588 nec
1951 525 2138 586 multo
2172 532 2313 586 ante
2354 545 2518 585 ama·

341 623 512 674 verat
543 633 674 673 eam
707 617 789 674 M.
826 610 1082 687 Caeliae,
1129 615 1302 674 homo
1338 613 1791 693 pulchritudine,
1834 619 1902 672 ut
1934 611 2210 684 vidimus,
2254 613 2383 689 ipse
2426 614 2516 671 in-

340 701 529 776 signis
565 708 742 779 atque
778 699 1158 778 conpluribus
1193 702 1364 759 annis
1392 702 1600 758 iunior.
1656 702 1767 758 etsi
1792 699 1952 756 enim
1975 697 2224 769 Plinius,
2262 700 2368 776 qui
2393 705 2515 756 nat.

342 785 477 843 hist.
511 785 639 844 VII
683 785 763 842 49
805 785 923 843 165
972 781 1240 847 Caelium
1286 781 1351 844 C.
1387 786 1578 843 Mario
1625 782 1734 845 On.
1781 780 2051 843 Carbone
2098 785 2339 841 tertium
2382 802 2517 842 con-

344 869 589 943 sulibus,
628 869 683 928 h.
712 890 762 930 e.
790 890 842 930 a.
879 865 1125 948 672182,
1162 872 1427 946 genitum
1462 888 1587 929 esse
1612 868 1809 942 tradit,
1848 869 2057 928 erroris
2093 869 2393 926 convictus
2428 877 2519 927 est

342 975 383 1014 a
414 955 780 1034 Nipperdeio
816 975 1012 1034 opusc.
1046 975 1103 1034 p.
1133 956 1274 1027 299,
1310 962 1509 1014 tamen
1545 974 1681 1014 eum
1716 961 1855 1013 ante
1890 973 2111 1013 annum
2149 948 2376 1030 666188
2414 973 2518 1012 na—

343 1046 472 1098 tum
504 1060 628 1100 non
663 1059 790 1100 esse
825 1061 930 1118 pro
967 1048 1122 1100 certo
1151 1039 1490 1100 habendum
1517 1048 1621 1100 est.
1691 1060 1748 1096 v.
1780 1038 1939 1099 Guil.
1956 1038 2427 1116 Wegehauptius
2450 1040 2519 1096 in

343 1145 697 1203 programm.
727 1145 928 1203 gymn.
958 1125 1036 1184 ad
1061 1125 1147 1185 St.
1173 1124 1712 1203 Mariam-Magdal.
1731 1123 2048 1184 Vratislav.
2078 1143 2130 1181 a.
2161 1124 2344 1196 1878,
2371 1143 2429 1202 p.
2460 1123 2515 1182 6.

340 1209 506 1289 quod
557 1231 691 1271 cum
741 1212 828 1269 ita
879 1212 970 1283 sit,
1026 1210 1171 1290 quid
1213 1213 1443 1283 mirum,
1498 1212 1549 1269 si
1594 1207 1881 1282 Catullus,
1936 1207 2280 1268 adulescens
2335 1209 2519 1266 animi

345 1295 555 1355 ardore
586 1295 801 1374 plenus
837 1304 896 1355 et
929 1304 1118 1374 poeta,
1162 1295 1468 1354 mulierem
1504 1302 1691 1354 semet
1732 1294 2033 1374 aliquanto
2069 1295 2367 1365 maiorem,
2415 1291 2521 1352 sed

344 1389 408 1440 et
455 1380 645 1440 forma
697 1388 756 1440 et
814 1383 1055 1458 ingenio
1116 1380 1505 1441 excellentem
1557 1378 1846 1457 deperiit?
1916 1379 2095 1438 etiam
2144 1378 2521 1456 Propertium

349 1463 611 1545 Cynthia
645 1487 754 1526 sua
788 1468 960 1525 annis
993 1465 1339 1526 inferiorem
1364 1466 1549 1525 fuisse
1584 1467 1814 1537 scimus,
1850 1482 2044 1542 neque
2070 1461 2314 1522 difficile
2350 1468 2519 1536 esset,

348 1551 400 1610 si
435 1571 580 1630 opus
613 1550 780 1624 foret,
828 1570 904 1610 ex
943 1552 1367 1611 recentioribus
1409 1550 1769 1629 temporibus
1813 1548 2028 1608 similia
2069 1547 2343 1625 exempla
2386 1568 2520 1607 con-

347 1654 568 1711 gerere.
640 1632 852 1715 quodsi
902 1638 1034 1716 quis
1084 1637 1265 1696 talem
1315 1638 1524 1695 aetatis
1573 1638 1731 1694 inter
1778 1633 2060 1693 Lesbiam
2112 1641 2171 1692 et
2222 1631 2522 1693 Catullum

346 1719 743 1781 differentiam
791 1740 898 1800 per
949 1741 1013 1781 se
1054 1721 1293 1801 quidem
1334 1719 1496 1780 haud
1536 1718 1945 1780 incredibilem
1993 1717 2233 1792 iudicat,
2288 1717 2393 1778 sed
2444 1717 2523 1777 ad

344 1827 396 1864 c.
431 1805 681 1865 LXXII
711 1814 995 1884 provocat
1025 1815 1323 1885 negatque
1366 1805 1498 1865 fieri
1538 1807 1800 1884 potuisse
1833 1812 1901 1862 ut
1940 1809 2115 1882 poeta
2159 1803 2233 1862 de
2275 1800 2521 1863 muliere

343 1894 478 1968 ipso
514 1893 687 1950 annis
722 1893 1019 1970 superiore
1054 1891 1275 1952 diceret
1309 1910 1372 1949 se
1409 1911 1555 1962 eam,
1592 1890 1736 1948 dum
1770 1888 1883 1948 sibi
1915 1890 2023 1948 uni
2059 1888 2260 1947 dedita
2294 1890 2518 1962 fuisset,

344 1975 631 2039 dilexisse
667 1975 814 2036 ‘non
846 1985 1078 2036 tantum
1111 1984 1181 2053 ut
1212 1976 1430 2054 vulgus
1465 1977 1731 2045 amicam,
1770 1971 1890 2033 Sed
1924 1981 2126 2050 pater
2157 1981 2234 2032 ut
2268 1981 2520 2049 gnatos

342 2060 604 2138 diligit
646 2068 714 2121 et
757 2061 1100 2137 generos’,
1146 2080 1224 2121 ne
1257 2061 1322 2120 id
1356 2060 1595 2140 quidem
1637 2060 1976 2118 universam
2018 2058 2190 2117 huius
2237 2059 2523 2135 epigram·

338 2148 521 2205 matis
557 2148 910 2207 sententiam
943 2146 1341 2206 consideranti
1374 2148 1502 2204 iure
1537 2146 1757 2222 opponi
1783 2141 2093 2202 videbitur.
2147 2145 2213 2201 in
2238 2163 2354 2222 quo
2392 2162 2524 2202 cum

339 2228 620 2306 gOatullus
671 2231 1149 2291 benevolentiam
1200 2231 1341 2289 olim
1401 2229 1566 2288 fideli
1617 2228 1873 2287 Lesbiae
1931 2228 2274 2307 praestitam
2324 2229 2399 2287 ab
2452 2248 2521 2288 eo

338 2335 548 2375 amore
582 2318 686 2395 qui
719 2308 798 2374 ad
833 2316 1021 2374 solum
1056 2334 1263 2394 corpus
1297 2317 1554 2393 pertinet
1588 2313 1840 2392 ideoque
1881 2332 1959 2372 ne
2002 2313 2252 2390 perfidia
2286 2311 2525 2392 quidem

344 2408 580 2459 amatae
631 2399 895 2459 mulieris
946 2404 1102 2478 perit
1149 2407 1419 2459 accurate
1471 2399 1816 2476 distinguat,
1870 2397 2081 2478 quidni
2130 2397 2296 2456 illam
2346 2398 2524 2458 bene·

343 2484 670 2544 volentiam
703 2505 837 2544 cum
868 2486 1054 2563 patris
1087 2489 1153 2545 in
1186 2485 1340 2544 filios
1374 2503 1741 2564 generosque
1774 2487 2016 2543 caritate
2052 2481 2371 2561 conparet?
2406 2503 2525 2562 qua

342 2569 588 2650 quidem
632 2573 1050 2650 conparatione
1102 2573 1321 2649 optMe
1362 2578 1429 2630 ut
1476 2569 1652 2630 homo
1703 2571 2006 2629 Romanus
2057 2570 2311 2647 priorem
2355 2590 2525 2630 suum

336 2675 584 2715 sensum
620 2655 912 2732 diligendi
944 2655 1299 2715 inlustravit.
1362 2656 1514 2716 conf.
1543 2655 1951 2733 Westphalius
1991 2655 2132 2714 libri
2166 2656 2259 2714 sui
2303 2652 2377 2714 de
2411 2652 2523 2713 Ca·

344 2740 496 2801 tullo
531 2760 588 2819 p.
629 2741 748 2799 115
781 2760 845 2813 s.,
880 2760 1058 2821 quem
1091 2761 1164 2801 ea
1199 2741 1273 2801 de
1307 2760 1372 2801 re
1405 2743 1729 2800 rectissime
1762 2739 2055 2799 iudicasse
2090 2758 2317 2799 censeo.

473 2826 686 2905 Itaque
727 2846 832 2904 pro
877 2826 1182 2905 explorato
1227 2834 1418 2905 potest
1457 2826 1667 2884 haberi
1708 2824 1989 2883 Lesbiam
2023 2822 2245 2883 Catulli
2288 2830 2347 2882 et
2390 2821 2524 2882 Glo-

336 2910 512 2969 diam
537 2907 608 2983 Q.
629 2910 857 2969 Metelli
885 2908 1111 2971 Celeris
1143 2930 1390 2971 uxorem
1412 2931 1595 2969 unam
1622 2909 1985 2988 eandemque
2017 2907 2297 2967 feminam
2322 2908 2520 2967 fuisse.

334 2999 468 3055 ¹:iam
509 2994 590 3052 ad
629 3002 858 3074 tempus
909 2999 1122 3055 amoris
1175 3015 1319 3071 erga
1369 3014 1499 3053 eam
1548 3002 1759 3072 poetae
1809 2993 2008 3072 paullo
2054 2994 2380 3052 accuratius
2426 2992 2524 3052 de-

344 3078 678 3146 finiendum
718 3085 1083 3157 progressuri
1124 3085 1378 3159 primum
1421 3078 1565 3158 quid
1604 3081 1736 3158 ipsa
1770 3081 2031 3137 carmina
2065 3073 2407 3136 Catulliana
2450 3077 2525 3139 de

342 3183 422 3223 ea
455 3183 521 3223 re
556 3162 807 3223 doceant
839 3166 1160 3225 videamus,
1213 3173 1474 3242 tempore
1509 3184 1578 3230 eo
1607 3184 1724 3243 quo
1759 3171 1935 3242 poeta
1959 3184 2007 3222 c.
2035 3162 2135 3220 XI
2162 3164 2522 3241 conscripsit,

345 3248 404 3307 h.
441 3268 491 3308 e.
529 3268 582 3307 a.
622 3243 869 3326 699155,
915 3271 1172 3310 amorem
1205 3253 1331 3309 eius
1374 3249 1552 3328 plane
1595 3252 1924 3308 extinctum
1962 3247 2145 3307 fuisse
2186 3250 2306 3307 iam
2348 3269 2526 3326 supra

342 3333 626 3392 diximus.
697 3353 734 3392 a
773 3352 915 3392 vere
965 3339 1109 3394 anni
1154 3330 1380 3412 697157
1433 3354 1618 3413 usque
1671 3334 1750 3393 ad
1790 3350 1897 3393 ver
1945 3337 2092 3392 anni
2137 3330 2365 3412 698156
2412 3332 2524 3393 Ga-

347 3418 565 3478 tullum
614 3421 681 3478 in
723 3418 1014 3497 Bithynia
1064 3423 1370 3497 provincia
1420 3426 1838 3478 commoratum
1891 3438 2019 3478 esse
2070 3418 2231 3478 infra
2283 3417 2522 3478 deinon·

344 3504 646 3563 strabitur.
719 3523 835 3583 quo
881 3522 1016 3563 eum
1056 3524 1177 3563 non
1220 3504 1403 3563 fuisse
1445 3504 1858 3582 profecturum,
1911 3506 2030 3562 nisi
2074 3511 2251 3564 antea
2293 3523 2525 3563 omnem

350 3607 514 3667 spem
545 3586 985 3667 recuperandae
1017 3589 1271 3648 Lesbiae
1307 3590 1633 3662 abiecisset,
1678 3587 1906 3667 liquido
1942 3588 2288 3648 confirmare
2321 3607 2524 3666 possu-

346 3693 496 3732 mus.
556 3692 749 3753 neque
781 3672 970 3733 ullum
1004 3682 1093 3733 est
1135 3677 1457 3733 carminum
1500 3681 1604 3731 aut
1644 3676 1710 3732 in
1753 3675 1880 3752 ipso
1924 3674 2136 3732 itinere
2180 3679 2284 3731 aut
2327 3677 2525 3733 statim

345 3776 429 3817 ex
460 3756 659 3818 reditu
688 3766 900 3837 poetae
934 3763 1367 3838 conpositorum
1399 3761 1464 3818 in
1499 3778 1616 3837 quo
1650 3758 1813 3817 illius
1848 3756 2110 3817 mulieris
2143 3761 2363 3817 mentio
2399 3756 2521 3818 fiat.

338 3860 493 3919 ergo
528 3864 651 3902 non
683 3843 910 3903 tardius
945 3864 1123 3923 quam
1165 3864 1320 3903 anno
1359 3838 1588 3920 696158
1638 3850 1898 3902 extremo
1936 3841 2236 3902 Catullum
2267 3843 2524 3904 Lesbiae

348 3946 606 3987 amorem
654 3931 1023 3988 renuntiasse
1072 3928 1367 4007 probabili
1419 3932 1756 3988 coniectura
1815 3927 2084 3987 efficitur.
2160 3931 2267 3987 vix
2326 3940 2523 3989 autem

352 4015 514 4088 prius
565 4014 742 4072 etiam
785 4014 861 4073 ab
913 4032 985 4073 ea
1036 4032 1163 4073 sese
1217 4015 1498 4074 avertisse
1550 4020 1757 4093 potest.
1828 4032 1970 4072 nam
2013 4017 2065 4073 si
2105 4017 2302 4073 varios
2347 4013 2522 4073 huius

352 4099 566 4156 amoris
617 4118 785 4157 casus
835 4099 1253 4178 reputabimus,
1309 4101 1547 4158 omnino
1601 4118 1735 4159 eum
1786 4101 2017 4158 circiter
2068 4099 2523 4178 quadriennium

344 4183 612 4259 viguisse
645 4183 1044 4259 concedemus,
1080 4184 1261 4265 idque
1297 4184 1474 4244 etiam
1507 4184 1650 4245 inde
1676 4182 2076 4261 colligendum
2099 4183 2337 4244 videtur
2361 4182 2523 4263 quod
