3225 5171
1194 449 1201 456 ‘
1239 456 1473 511 LIBER
2294 441 2379 507 39

412 588 485 643 at
517 588 587 643 tu
622 601 703 644 ne
742 602 959 665 pugna
995 601 1138 643 cum
1177 580 1284 643 tali
1323 571 1614 662 coniuge.
1650 578 1847 663 virgo,
2413 594 2485 649 60

418 694 547 737 non
581 694 854 756 aequum
893 683 988 737 est
1021 696 1329 757 pugnare,
1365 683 1546 755 pater
1582 671 1685 736 cui
1721 671 1979 735 tradidit
2011 672 2168 755 ipse,

416 767 554 851 ipse
589 778 769 853 pater
805 789 950 830 cum
988 769 1208 842 matre,
1246 766 1476 848 quibus
1513 787 1736 850 parere
1772 777 2108 830 necessest.

420 860 748 945 virginitas
785 882 913 925 non
949 871 1080 924 tota
1117 871 1226 923 tua
1261 870 1376 934 est,
1415 882 1493 923 ex
1531 870 1712 943 parte
1749 870 2169 944 parentumstz

418 955 602 1018 tertia
637 947 792 1039 pars
819 955 1002 1039 patri,
1039 977 1186 1040 pars
1224 964 1319 1019 est
1361 954 1510 1016 data
1545 954 1731 1017 tertia
1767 953 1969 1028 matri,

414 1047 600 1111 tertia
634 1049 771 1114 sola
805 1059 914 1112 tua
950 1059 1062 1112 est.
1149 1049 1279 1111 noli
1314 1070 1598 1131 pugnare
1637 1048 1907 1122 duobus,
2415 1061 2486 1116 65

417 1141 530 1223 qui
565 1163 801 1225 genero
838 1135 954 1206 sua
987 1142 1125 1205 iura
1162 1141 1349 1206 simul
1385 1162 1529 1205 cum
1567 1141 1715 1204 dote
1754 1141 2084 1240 qederunt.

419 1328 682 1412 Hymen
718 1341 756 1392 o
789 1330 1188 1415 Hymenaee,
1226 1331 1486 1413 Hymen
1523 1328 1677 1392 ades
1713 1349 1751 1391 ο
1787 1328 2183 1412 Hymenaee.

1279 1467 1442 1511 m
1483 1482 1608 1531 *ὼε
1639 1504 1666 1531 υ

1735 1502 2008 1568 &kx-Q'

1220 1659 1484 1740 1231111.
1843 1627 1848 1630 ¹

335 1794 549 1880 Super
583 1772 712 1861 alfa
745 1808 966 1863 vectus
1001 1796 1174 1861 Attis
1211 1796 1399 1860 celeri
1436 1804 1569 1859 rate
1604 1794 1805 1859 maria

334 1889 695 1975 Phrygium
731 1902 803 1955 ut
836 1914 1062 1955 nemus
1099 1891 1286 1955 citato
1325 1885 1752 1973 cupidess‘pede
1787 1888 1996 1972 tetigit
2057 1937 2060 1940 >

337 1984 616 2065 adiitque
651 2007 852 2070 opaca
887 1981 1058 2048 silvis
1094 1979 1384 2048 redimita
1418 1984 1558 2046 loca
1594 1979 1796 2056 djeae‚·:
1843 2002 1853 2033 J
1975 2007 1980 2022 ¹
2071 1993 2074 2000 “

332 2077 692 2148 stimulatus
728 2079 818 2142 ibi
853 2078 1085 2142 furenti
1120 2073 1316 2152 rabie,
1353 2071 1558 2161 vagus
1593 2069 1840 2151 animis,
1929 2096 1936 2106 ·

333 2171 607 2235 devolsit
640 2173 707 2236 ili
743 2165 929 2236 acuto
959 2166 1099 2235 'sibi
1123 2172 1415 2255 pondera·
1439 2164 1658 2233 silice.'
1727 2191 1732 2200 ·
2413 2185 2450 2239 5

335 2263 550 2348 itaque
586 2275 659 2329 ut
691 2265 911 2329 relicta
947 2258 1297 2328 sensit'‘sibi
1333 2257 1620 2327 membra
1656 2262 1790 2326 sine
1826 2262 1981 2338 vir0,

334 2358 528 2423 etiam
565 2351 816 2423 recente
852 2352 1056 2423 terrae
1092 2353 1239 2421 sola‘
1263 2356 1572 2441 sanguine
1610 2355 1937 2419 maculans

337 2452 538 2516 niveis
575 2453 766 2516 citata
802 2452 970 2536 cepit
1005 2446 1298 2515 manibus
1333 2452 1473 2515 leve
1510 2445 1839 2533 typanum‚

335 2556 647 2632 typanum
683 2557 884 2622 tuum,
924 2543 1209 2630 Cybebe,
1247 2541 1633 2621 tua,'mater‚
1669 2542 1866 2620 initia,

336 2640 755 2723 quatiensque
792 2634 971 2724 terga
1007 2640 1170 2702 tauri
1208 2638 1436 2702 teneris
1474 2660 1633 2702 cava
1669 2637 1884 2721 digitis
2416 2655 2487 2709 10

334 2755 565 2798 canere
600 2734 758 2797 haec
795 2734 924 2797 suis
961 2733 1183 2797 adorta
1216 2745 1312 2797 est
1346 2731 1765 2795 tremebunda
1802 2729 2157 2796 comitibus.

337 2827 539 2911 ‘agite
572 2826 659 2891 ite
695 2828 777 2890 ad
815 2827 960 2903 alta,
1001 2824 1248 2901 Gallae,
1289 2824 1562 2908 Cybeles
1599 2845 1862 2888 nemora
1896 2824 2104 2901 simul,

340 2919 528 2982 simul
563 2919 670 2995 ite,
700 2919 1153 3003 'Dindymenae
1190 2918 1481 2981 dominae
1518 2937 1686 3000 vaga
1721 2936 1969 2998 pecora,

337 3013 546 3076 aliena
583 3033 747 3094 quae
784 3022 1069 3096 petentes
1104 3013 1279 3076 velut
1315 3010 1532 3075 exules
1568 3010 1709 3072 loca

337 3116 579 3170 sectam
615 3127 819 3168 meam
859 3115 1161 3170 executae
1197 3105 1358 3168 duce
1394 3126 1495 3166 me
1532 3101 1686 3164 mihi
1722 3101 1982 3166 comites
2268 3104 2274 3109 ’
2418 3121 2489 3176 15

337 3199 634 3284 rapidum
669 3200 874 3261 salum
911 3199 1142 3262 tulistis
1178 3197 1659 3278 truculentaque
1695 3196 1921 3280 pelage
1977 3270 1983 3275 Δ
2231 3198 2238 3201 “

336 3304 406 3358 et
441 3315 668 3376 corpus
705 3293 989 3356 evirastis
1025 3291 1295 3358 Veneris
1331 3290 1526 3354 nimio
1564 3289 1731 3365 odio,

339 3387 604 3450 hilarate
641 3408 785 3449 aere
822 3385 1023 3449 citatis
1062 3384 1376 3450 erroribus
1412 3383 1714 3446 animum.

340 3501 519 3544 mora
554 3479 733 3542 tarda
769 3490 979 3544 mente
1015 3480 1225 3544 cedat:
1263 3476 1450 3542 simul
1484 3477 1591 3553 ite,
1629 3475 1964 3560 sequimini

338 3573 690 3658 Phrygiam
728 3572 809 3634 ad
847 3573 1104 3636 domum
1133 3571 1452 3657 CybebeS,
1487 3570 1773 3654 Phrygia
1799 3570 1882 3633 ad
1918 3592 2175 3647 nemora
2202 3573 2378 3650 deae,
2414 3589 2486 3642 20

339 3667 453 3730 ubi
487 3666 851 3750 cymbalum
887 3676 1070 3730 sonat
1103 3689 1248 3741 vox,
1286 3664 1397 3728 ubi
1431 3675 1734 3748 tympana
1767 3664 2051 3741 reboant,

340 3759 572 3824 tibicen
610 3760 721 3824 ubi
757 3760 929 3824 canit
963 3760 1185 3844 Phryx
1221 3780 1412 3823 curvo
1449 3780 1645 3841 grave
1682 3756 1946 3834 calamO,

340 3853 450 3916 ubi
487 3853 695 3938 capita
733 3853 1070 3918 maenades
1106 3854 1168 3916 vi
1206 3853 1442 3915 iaciunt
1476 3851 1907 3934 hederigerae‚

341 3947 452 4009 ubi
489 3969 669 4011 sacra
704 3957 922 4010 sancta
960 3947 1159 4010 acutis
1196 3945 1542 4008 ululatibus
1579 3945 1841 4027 agitant,

340 4039 454 4103 ubi
490 4040 697 4104 suevit
731 4041 840 4104 illa
876 4041 1059 4105 divae
1095 4038 1367 4103 volitare
1392 4040 1559 4120 vaga
1595 4038 1841 4103 cohors.
2416 4055 2491 4110 25

336 4153 468 4214 quo
503 4153 619 4197 nos
657 4133 838 4198 decet
875 4134 1077 4199 citatis
1116 4135 1388 4198 celerare
1425 4131 1755 4216 tripudiis?
1811 4158 1814 4161 ¹

337 4226 529 4292 simul
563 4226 720 4291 haec
757 4228 1092 4293 comitibus
1129 4227 1301 4291 Attis
1338 4226 1564 4290 cecinit
1598 4227 1793 4291 notha
1828 4224 2073 4305 mulier,
