3225 5171
1094 489 1449 533 ADNOTATIO
1493 490 1739 532 CRITIOA
2402 488 2506 532 CIX

317 630 674 691 ,persuasum
702 617 804 683 est,
842 610 1022 668 critic.
1048 630 1104 688 p.
1126 609 1163 667 5
1198 609 1376 669 hosce
1398 607 1559 669 locos
1585 609 1848 686 collegit:
1885 608 2142 677 Martial.
2161 610 2262 668 ΠΙ
2282 610 2319 665 2
2351 610 2503 668 lss.:

331 697 507 755 Cuius
533 699 619 753 vis
640 698 786 767 fieri,
806 696 1001 767 libelle,
1021 688 1261 752 munus?
1320 696 1555 752 Festina
1581 696 1680 752 tibi
1710 697 2033 752 vindicem
2059 715 2297 770 parare.
2316 726 2402 736 —
2419 726 2506 736 —-

329 783 597 840 Faustini
625 781 778 856 fuqis
814 782 872 836 in
907 772 1128 837 sinum?
1197 782 1417 856 sapisti.
1447 811 1532 821 —
1557 810 1645 821 —-
1677 780 1791 837 Illo
1825 781 2098 837 vindice
2132 798 2231 837 nec
2263 781 2507 837 Probum

333 870 535 926 timeto·
605 865 686 924 id.
732 863 916 943 praef.
959 864 999 922 l.
1035 865 1195 925 VIII
1239 864 1317 924 ad
1359 865 1609 923 Domit.:
1668 865 1867 922 Omnes
1912 867 2127 940 quidem
2170 866 2342 922 libelli
2381 867 2505 937 mei,
2554 866 2561 875 ‘

332 953 565 1024 domine,
602 952 800 1026 quibus
835 960 894 1007 tu
922 952 1151 1024 famam,
1200 951 1262 1007 id
1294 959 1375 1008 est
1409 952 1597 1023 vitam,
1635 951 1856 1021 dedisti,
1902 951 2001 1008 tibi
2034 953 2356 1026 supplicant
2364 972 2387 1017 ;
2435 960 2507 1022 et,

325 1047 491 1116 pulc,
539 1045 781 1113 propter
830 1035 931 1092 boc
981 1038 1248 1110 leyentur.
1345 1033 1570 1093 Statius
1622 1036 1689 1093 in
1740 1035 1922 1113 praef.
1976 1034 2016 1092 l.
2061 1035 2129 1094 11
2171 1035 2300 1093 silv.
2347 1054 2391 1094 ε.
2437 1033 2508 1093 fi:

333 1122 496 1180 Haec
532 1123 951 1196 qualiacumque
978 1130 1124 1193 sunt,
1166 1121 1373 1177 Melior
1407 1122 1706 1192 carissime,
1745 1123 1797 1177 si
1830 1121 1927 1178 tibi
1958 1138 2067 1176 non
2101 1122 2507 1195 displicuerint,

333 1228 375 1265 a
409 1217 463 1264 te
487 1206 774 1282 publicum
807 1207 1103 1279 accipiant.
1169 1204 1381 1284 quibus
1409 1223 1520 1281 ego
1546 1225 1669 1263 non
1705 1206 1832 1263 sine
1867 1204 2062 1264 fructu
2097 1204 2329 1264 adicere
2362 1205 2510 1263 mihi

333 1290 542 1350 videor
583 1289 839 1349 Ausonii
872 1289 1101 1348 XXIII
1134 1289 1466 1363 Schenkel.,
1518 1289 1680 1369 quod
1730 1308 1982 1361 carmen,
2037 1310 2170 1363 cum
2211 1298 2401 1349 totum
2444 1294 2510 1349 in

335 1375 667 1435 Catulliani
713 1376 989 1433 carminis
1030 1373 1437 1435 recordatione
1477 1377 1735 1452 positum
1779 1378 1853 1434 sit
1889 1374 2099 1453 hisque
2134 1374 2333 1435 verbis
2365 1377 2512 1435 inci-

334 1463 478 1540 piat,
535 1460 672 1518 ‘Cui
714 1462 854 1517 dono
900 1461 1143 1536 lepidum
1186 1480 1381 1517 novum
1426 1452 1710 1531 libellum?
1721 1463 1736 1488 '
1828 1460 2162 1518 Veronensis
2213 1463 2295 1518 ait
2339 1471 2514 1536 poeta

339 1548 634 1621 quondam,
673 1545 1050 1604 memorabile
1086 1551 1175 1604 est
1208 1548 1293 1604 sic
1326 1548 1645 1618 terminari,
1683 1546 1768 1602 hic
1796 1542 2103 1621 (Pacatus)
2131 1564 2230 1603 vos
2255 1542 2511 1620 (versus)

334 1632 589 1705 diliyere,
642 1631 729 1689 liic
771 1633 914 1688 volet
958 1633 1162 1688 tueri.-
1211 1631 1559 1704 anoscenda
1611 1640 1773 1704 ἱερεῖ,
1812 1631 2059 1706 probata
2103 1632 2318 1688 tradet.-
2371 1633 2512 1688 Post

332 1716 481 1773 Izunc
514 1717 774 1773 iudicium
809 1718 986 1773 timete
1019 1718 1248 1787 nullum,
1294 1715 1513 1775 XXVI
1551 1717 1605 1788 1,
1650 1714 1756 1773 ubi
1799 1714 2006 1774 itidem
2041 1736 2078 1774 a
2111 1719 2301 1793 primo
2335 1717 2513 1794 primi

322 1802 616 1875 ⁴carminis
670 1799 991 1860 Catulliani
1049 1819 1226 1860 versu
1283 1800 1582 1878 profectus
1635 1799 1942 1859 Ausonius
1989 1804 2144 1859 inter
2195 1801 2314 1859 alia
2364 1801 2512 1861 haec

338 1884 530 1959 addit,
565 1887 691 1942 misi
723 1888 908 1960 itaque
943 1886 1023 1942 ad
1054 1896 1107 1943 te
1139 1886 1273 1943 haec
1302 1887 1515 1959 frivola
1546 1888 1731 1961 qerris
1764 1883 1974 1942 Siculis
2007 1889 2260 1954 vaniora,
2295 1896 2356 1942 ut
2394 1905 2512 1943 cum

334 1972 464 2045 aqis
516 1970 665 2043 nihil,
717 1970 851 2027 baec
904 1973 1059 2044 leqas
1113 1980 1184 2043 et,
1238 1991 1306 2028 ne
1355 1971 1492 2028 nihil
1534 1990 1695 2044 ayas,
1752 1971 2111 2042 defendas,
2164 1970 2417 2030 XXVII
2453 1973 2509 2045 1,

336 2064 401 2114 tu
440 2057 638 2128 facies,
682 2064 743 2112 ut
785 2057 896 2113 sint
939 2055 1172 2128 aliquid.
1261 2075 1391 2112 nam
1435 2057 1553 2112 sine
1596 2065 1650 2113 te
1692 2055 2071 2130 monosyllaba
2114 2065 2274 2112 erunt
2320 2058 2409 2113 vel
2462 2059 2514 2114 si

339 2141 478 2216 quid
507 2141 704 2198 minus.

466 2225 534 2284 H
572 2226 606 2282 7
651 2219 694 2289 ’ἰ-
737 2233 790 2281 et
833 2225 1155 2281 solaciolum
1197 2242 1324 2300 ego.
1404 2233 1455 2281 et
1491 2242 1539 2280 s.
1585 2222 1889 2301 Hauptius
1933 2244 2065 2283 cum
2108 2223 2511 2284 Lachmanno.

338 2308 444 2369 sed
488 2315 704 2367 nomen
748 2308 1181 2367 substantivum
1220 2328 1328 2385 pro
1374 2308 1635 2368 subiecto
1682 2307 1759 2367 ad
1805 2310 1933 2381 libet
1977 2308 2244 2367 additum
2287 2310 2362 2369 ab
2399 2331 2513 2370 usu

339 2394 624 2454 sermonis
669 2391 956 2451 abhorret.
1028 2391 1179 2451 conf.
1217 2394 1430 2452 Munro
1467 2392 1505 2450 l.
1544 2413 1592 2452 c.
1628 2412 1685 2470 p.
1725 2395 1760 2451 6
1784 2412 1827 2451 s.
1896 2397 1954 2451 in
1989 2413 2037 2451 s.
2074 2394 2217 2452 Itali
2266 2393 2512 2456 fortasse

335 2488 515 2538 recte.
956 2522 961 2523 ff

466 2563 572 2623 11⁸
603 2570 722 2622 tres
747 2561 855 2621 hos
886 2581 1089 2623 versus
1111 2582 1148 2622 a
1172 2584 1218 2624 c.
1238 2564 1321 2636 H,
1351 2563 1429 2623 ad
1455 2562 1614 2643 quod
1641 2567 1934 2642 pertinere
1960 2567 2138 2624 etiam
2166 2584 2297 2624 cum
2323 2564 2511 2625 Lach-

322 2669 555 2708 -manno
591 2649 891 2726 Hauptius
927 2652 1153 2707 censuit
1196 2649 1410 2708 lacuna
1442 2657 1575 2728 post
1608 2669 1665 2707 v.
1706 2650 1786 2707 10
1823 2657 2056 2722 statuta,
2092 2652 2510 2729 praeeuntibus

338 2734 485 2793 aliis
527 2735 775 2794 seiunxi.
860 2731 1012 2792 illud
1063 2735 1221 2794 enim
1272 2734 1545 2794 concludi
1588 2754 1645 2792 v.
1688 2731 1767 2794 10
1809 2734 1955 2793 mihi
2006 2738 2511 2812 persuasissimum

340 2826 447 2891 est,
479 2838 671 2898 neque
704 2820 789 2877 eis
823 2838 976 2898 quae
1011 2816 1082 2878 O.
1117 2819 1535 2879 Harneckerus
1576 2820 1643 2876 in
1692 2838 1885 2897 progr.
1921 2818 2415 2895 Friedebergensi
2459 2841 2509 2879 a.

328 2905 526 2979 1879,
561 2925 617 2982 p.
656 2905 694 2961 2
741 2901 815 2962 de
867 2907 1162 2962 contraria
1212 2905 1465 2983 Hauptii
1516 2905 1809 2962 sententia
1858 2903 2084 2962 rettulit
2135 2903 2397 2964 adducor
2445 2914 2514 2965 ut

332 2989 512 3048 aliter
562 2987 831 3064 iudicem.
910 3007 1114 3047 verum
1157 3008 1301 3048 cave
1346 2991 1430 3048 eis
1472 2988 1825 3060 adsentiaris
1872 2992 1974 3068 qui
2026 2988 2136 3047 hoc
2178 2988 2510 3065 fragmento

339 3094 477 3133 cum
519 3070 704 3131 altero
746 3074 887 3132 item
929 3076 1108 3131 trium
1151 3093 1425 3133 versuum
1471 3071 1631 3152 quod
1673 3074 1740 3131 in
1781 3072 1950 3131 libris
1989 3081 2117 3151 post
2152 3095 2199 3133 c.
2236 3075 2393 3135 XIV
2429 3077 2507 3133 23

338 3165 431 3218 est
472 3159 807 3216 coniuncto>
837 3158 1045 3215 scitum
1087 3162 1442 3236 poematium
1487 3157 1750 3217 effecisse
1797 3158 1912 3217 sibi
1958 3157 2251 3218 videntur.
2329 3164 2509 3220 immo

336 3245 544 3320 inepta
572 3239 924 3320 Catulloque
958 3242 1207 3318 indigna
1232 3245 1317 3301 sic
1343 3245 1526 3301 oritur
1550 3246 1908 3322 conparatio,
1946 3247 2158 3303 mirum
2183 3248 2249 3303 in
2274 3245 2512 3305 modum

302 3381 305 3386 .
338 3326 589 3387 defensa
631 3345 703 3386 ea
748 3325 823 3385 ab
861 3326 1096 3385 Suessio
1130 3327 1168 3385 l.
1205 3348 1251 3385 c.
1287 3348 1343 3406 p.
1381 3329 1437 3385 3.
1525 3328 1677 3387 conf.
1716 3330 1890 3388 etiam
1928 3348 2079 3408 quae
2113 3329 2192 3388 ad
2236 3351 2281 3389 c.
2317 3330 2511 3392 XIV²

342 3413 617 3472 diximus
706 3418 963 3470 ceterum
1014 3410 1173 3491 quod
1224 3420 1398 3490 poeta
1450 3434 1619 3472 suum
1671 3414 1955 3490 gaudium
2007 3435 2138 3473 cum
2188 3413 2511 3477 Atalantae

328 3499 638 3575 conponit,
692 3494 833 3555 inde
875 3495 1110 3556 videtur
1160 3497 1361 3574 colligi
1412 3517 1581 3578 posse
1634 3497 1743 3556 hos
1787 3498 2106 3558 versiculos
2152 3499 2231 3557 ad
2273 3520 2510 3560 carmen

326 3583 689 3662 pertinuisse
723 3583 788 3639 in
823 3601 940 3661 quo
976 3580 1078 3639 ille
1113 3580 1186 3641 de
1223 3582 1422 3661 aliquo
1456 3586 1521 3641 in
1557 3600 1755 3641 amore
1789 3583 2042 3642 Lesbiae
2079 3603 2348 3644 successu
2383 3588 2510 3645 sive

338 3687 481 3726 vero
517 3671 645 3726 sive
682 3670 920 3745 opinato
955 3673 1169 3743 ageret.

466 3753 565 3812 HI
605 3754 639 3809 7
685 3754 867 3827 ipsam
916 3751 990 3824 V,
1045 3750 1203 3832 quod
1256 3751 1733 3829 coniungendum
1785 3771 1918 3810 cum
1974 3772 2258 3828 suamque.
2355 3755 2508 3813 conf.

339 3836 734 3897 Buechelerus
778 3835 856 3895 ad
896 3836 1135 3895 Petron.
1181 3837 1277 3909 63,
1332 3857 1387 3915 p.
1429 3838 1523 3910 74,
1573 3838 1671 3910 20,
1726 3836 2071 3897 Schwabius
2123 3858 2260 3898 ann.
2305 3839 2508 3918 philol.

337 3921 583 3981 CXVII
621 3923 760 3982 259.
813 3924 946 3998 ipsa
980 3939 1016 3988 ς
1049 3941 1172 3980 non
1206 3919 1374 3994 nulli,
1411 3929 1470 3980 et
1505 3924 1589 3981 sic
1622 3921 2041 3981 Lachmannus
2077 3923 2507 4005 Hauptiusque.

466 4007 558 4066 IV
594 4008 677 4066 20
725 4016 948 4065 vocaret
1000 4006 1232 4065 codices
1257 4012 1261 4016 ’
1285 4006 1425 4082 (nisi
1478 4004 1639 4085 quod
1689 4025 1889 4064 vocare
1943 4026 2081 4065 cura
2132 4029 2237 4087 pro
2289 4021 2510 4069 vocaret

326 4111 489 4149 aura
519 4090 620 4168 V).
688 4101 921 4166 vaqaret
962 4092 1264 4170 Hauptius
1309 4089 1383 4151 de
1427 4093 1763 4151 coniectura
1803 4090 2170 4152 Lachmanni
2213 4095 2291 4154 ad
2334 4096 2508 4155 Lucr.

338 4176 444 4236 III
479 4177 619 4249 628,
665 4196 816 4255 quae
855 4184 1054 4237 tamen
1099 4179 1424 4238 sententiae
1465 4178 1707 4237 minime
1752 4180 2044 4236 convenit.
2124 4198 2316 4259 neque
2352 4185 2512 4240 enim

340 4268 557 4320 ventus
582 4264 838 4321 incertus
867 4262 1247 4341 significatur.
1302 4260 1377 4321 de
1400 4269 1689 4341 potestate
1708 4261 1876 4338 verbi
1895 4262 2050 4343 quod
2068 4272 2156 4324 est
2173 4285 2372 4323 vocare
2388 4264 2512 4324 vid.
