3225 5171
1234 464 1689 507 PROLEGOMENA
2334 463 2548 505 XXXVI}

366 604 540 643 usum
569 602 710 643 esse.
763 602 967 643 verum
993 582 1216 642 futtilia
1233 591 1372 642 sunt
1399 604 1632 661 prorsus
1652 582 1865 661 quibus
1884 580 2124 640 adducti
2141 581 2551 661 Westphalius

369 690 429 747 p.
476 668 594 726 157
623 689 667 728 s.
714 667 787 728 de
833 668 897 728 C.
945 669 1247 747 SeptimiO,
1295 669 1486 727 scriba
1527 667 1731 726 Bibuli
1774 667 2046 739 consuliS,
2092 666 2339 726 Ellisius
2392 687 2544 725 com-

370 761 548 812 ment.
593 773 650 832 p.
699 755 820 812 378
869 752 943 812 de
984 755 1067 812 M.
1112 754 1386 812 Iuventio
1431 752 1741 812 Laterensi
1784 755 2209 829 cogitaverunt.
2254 784 2338 792 -
2374 771 2552 829 argu-

368 845 568 898 mento
605 839 796 899 simile
833 845 920 898 est
955 858 1002 897 c.
1042 837 1269 909 CVIII,
1308 839 1372 895 in
1407 856 1523 916 quo
1569 845 1745 915 poeta
1779 839 1844 895 in
1880 836 2214 896 Cominium
2251 836 2546 915 quendam

373 924 447 982 ob
501 925 802 981 inimicam
863 923 1152 982 bonorum
1200 923 1467 998 linguam
1526 921 1908 982 vehementer
1967 921 2289 995 invehitur,
2354 939 2553 1000 neque

367 1015 564 1086 potest
601 1007 859 1067 dubitari
894 1011 1041 1086 quin
1073 1007 1187 1066 hoc
1215 1026 1448 1086 quoque
1485 1008 1849 1085 epigramma
1884 1006 1962 1065 ad
1994 1006 2265 1084 publicas
2291 1025 2383 1064 res
2416 1025 2547 1084 per-

368 1094 560 1152 tineat
593 1088 772 1167 (conf.
810 1114 866 1151 v.
910 1097 942 1150 1
984 1100 1043 1151 et
1078 1090 1160 1170 3),
1205 1092 1701 1171 probabiliterque
1735 1094 1853 1150 iam
1887 1093 1935 1150 Ι.
1971 1091 2211 1169 Lipsius
2245 1110 2367 1150 var.
2412 1090 2550 1150 lect.

369 1177 464 1236 IV
500 1177 536 1235 5
574 1181 767 1236 notari
803 1179 1131 1256 suspicatus
1168 1184 1256 1236 est
1289 1177 1357 1236 P.
1401 1176 1739 1237 Cominium
1776 1179 2048 1255 equitem,
2086 1174 2354 1236 odiosum
2389 1176 2548 1254 apud

369 1261 656 1341 populum
708 1270 1123 1335 accusatorem,
1179 1269 1382 1320 contra
1435 1280 1607 1340 quem
1655 1260 1861 1321 Cicero
1906 1282 1957 1320 a.
2007 1257 2233 1338 689sss5
2283 1260 2550 1321 defendit

375 1345 441 1406 C.
487 1346 843 1407 Cornelium.
917 1345 1068 1406 conf.
1108 1346 1229 1406 Cic.
1265 1348 1428 1405 Brut.
1477 1345 1510 1420 ξ
1557 1348 1698 1404 271.
1778 1345 2073 1405 Asconius
2118 1367 2173 1424 p.
2223 1346 2303 1404 52
2342 1367 2414 1406 ss.
2453 1345 2548 1405 ed.

371 1431 563 1491 Berol.
614 1451 823 1491 verum
877 1434 1210 1491 coniectura
1263 1431 1584 1503 Schwabii,
1641 1433 1744 1509 qui
1789 1452 1843 1509 p.
1893 1432 2014 1490 319
2054 1451 2127 1489 ss.
2183 1433 2547 1511 epigramma

375 1514 777 1575 Catullianum
823 1515 899 1574 ad
941 1519 1131 1595 ipsam
1175 1517 1329 1575 hanc
1375 1518 1667 1575 actionem
1709 1515 1916 1574 referri
1960 1516 2291 1589 arbitratur,
2345 1519 2464 1574 iam
2511 1537 2547 1574 a

372 1604 649 1679 temporis
683 1602 1010 1660 rationibus
1045 1621 1253 1678 parum
1291 1601 1813 1660 commendationis
1838 1600 2036 1660 habet.
2063 1633 2147 1643 —
2174 1600 2374 1679 paullo
2413 1621 2547 1660 con-

372 1685 651 1745 fidentius
688 1686 760 1745 de
797 1707 844 1746 c.
874 1687 1209 1746 LXXXIV
1246 1685 1441 1746 dicere
1473 1686 1630 1758 licet,
1669 1687 2091 1766 epigrammate
2127 1684 2287 1764 apud
2320 1694 2550 1746 veteres

371 1771 562 1829 nobili
604 1767 783 1846 (conf.
831 1769 1077 1845 Quintil.
1125 1772 1156 1829 1
1202 1771 1238 1829 5
1288 1769 1411 1848 20),
1465 1772 1528 1829 in
1581 1790 1698 1849 quo
1743 1778 1917 1849 poeta
1957 1769 2202 1829 Arrium
2248 1771 2546 1850 quendam

368 1854 585 1914 litteris
618 1858 827 1916 vitiose
865 1855 1164 1935 adspirare
1201 1854 1435 1915 solitum
1479 1854 1796 1914 admodum
1840 1855 2037 1934 lepide
2082 1864 2140 1914 et
2181 1858 2375 1915 iocose
2419 1876 2547 1934 per-

374 1942 627 2016 stringit.
678 1941 838 2000 hunc
873 1960 998 2001 esse
1035 1938 1108 2014 Q.
1145 1939 1387 2000 Arrium
1423 1959 1558 2000 eum
1593 1958 1770 2019 quem
1807 1939 2012 1999 Cicero
2048 1942 2113 1998 in
2137 1940 2322 1999 Bruto
2360 1939 2393 2014 ἓ
2424 1942 2544 1997 242

377 2024 522 2082 dicit
564 2025 646 2085 M.
687 2025 885 2085 Crassi
928 2029 1100 2105 quasi
1143 2026 1532 2084 secundarum
1577 2025 1775 2096 fuisse,
1833 2024 1889 2082 h.
1937 2043 1985 2083 e.
2031 2043 2207 2101 saepe
2249 2044 2371 2083 una
2414 2044 2548 2084 cum

371 2108 477 2168 illo
512 2111 577 2169 in
612 2111 832 2170 eisdem
870 2114 1062 2171 causis
1095 2129 1414 2188 perorasse,
1463 2108 1566 2168 sed
1601 2112 1686 2167 ita
1720 2127 1948 2186 semper
1981 2117 2047 2166 ut
2090 2111 2308 2187 primas
2352 2117 2547 2187 partes

374 2193 587 2254 Crasso
631 2199 1011 2275 permitteret,
1055 2193 1225 2252 haud
1267 2193 1656 2273 inprobabilis
1700 2201 1787 2252 est
1829 2197 2162 2253 coniectura
2207 2202 2264 2252 et
2294 2194 2549 2254 Bruneri

368 2300 429 2357 p.
468 2280 591 2339 647
637 2289 698 2339 et
740 2281 1038 2340 Schwabii
1079 2299 1139 2356 Ρ.
1184 2279 1324 2336 325.
1401 2280 1504 2357 qui
1545 2279 1718 2337 ambo
1766 2276 1835 2351 Ω.
1870 2279 2114 2337 Arrium
2159 2286 2446 2338 oratorem
2490 2289 2550 2339 et

372 2368 785 2440 cognominem
818 2371 1145 2442 praetorem
1181 2365 1324 2421 anni
1360 2359 1586 2442 681l73
1625 2383 1809 2422 unum
1846 2363 2214 2442 eundemque
2247 2364 2547 2424 hominem

369 2447 559 2508 fuisse
601 2457 840 2508 sumunt
881 2449 1299 2527 praeeuntibus
1345 2470 1478 2507 cum
1523 2449 1656 2507 aliis
1699 2457 1825 2508 tum
1858 2449 2184 2525 Borghesio
2227 2451 2292 2508 in
2336 2449 2547 2510 disser-

367 2537 598 2593 tatione
633 2532 708 2594 de
743 2542 919 2612 gente
951 2533 1146 2607 Arria,
1193 2554 1283 2613 op.
1320 2534 1370 2607 I,
1407 2554 1462 2614 p.
1503 2534 1581 2593 68
1612 2553 1685 2594 ss.
1724 2553 1874 2614 quae
1911 2537 2205 2595 sententia
2246 2554 2388 2595 sane
2426 2556 2547 2596 cor·

368 2626 584 2692 rueret,
639 2622 690 2679 si
741 2618 887 2679 fides
939 2617 1214 2679 habenda
1265 2628 1417 2680 esset
1448 2620 1815 2679 scholiastae
1864 2621 2244 2681 Gronoviano
2297 2620 2376 2679 ad
2421 2622 2544 2681 Cic.

371 2704 618 2763 divinat.
663 2725 721 2784 p.
767 2705 890 2764 382
938 2703 1056 2777 Or.,
1104 2706 1206 2783 qui
1248 2713 1578 2784 praetorem
1625 2724 1798 2784 quem
1844 2705 2101 2764 diximus
2144 2724 2546 2765 successurum

373 2787 440 2847 C.
475 2790 647 2849 Verri
679 2792 793 2849 iter
823 2790 1141 2849 facientem
1184 2791 1246 2848 in
1283 2789 1548 2850 Siciliam
1595 2791 1659 2848 in
1694 2793 1795 2847 via
1839 2790 2157 2849 decessisse
2200 2798 2416 2848 narrat.
2488 2801 2546 2850 et

378 2874 586 2933 confisi
622 2883 760 2933 sunt
791 2876 931 2934 huic
962 2876 1296 2950 testimonio
1333 2874 1661 2954 conplures,
1697 2874 1861 2933 velut
1894 2875 2007 2932 Th.
2035 2876 2432 2934 Mommsenus
2468 2876 2545 2934 ad

369 2959 652 3035 BorgheS.
705 2959 744 3017 1.
792 2980 839 3018 c.
893 2981 952 3038 p.
999 2962 1096 3032 72,
1151 2959 1225 3016 E.
1267 2960 1604 3035 Herzogius
1657 2960 1721 3016 in
1765 2957 1987 3037 Paulyi
2040 2960 2340 3038 encyclop‚
2384 2961 2437 3034 I,
2485 2957 2541 3034 2,

367 3064 427 3121 p.
468 3044 628 3102 1757
667 3043 757 3103 ed.
796 3047 851 3117 2,
889 3044 1009 3104 alii.
1079 3063 1284 3103 verum
1321 3064 1430 3119 ego
1469 3043 1709 3122 quidem
1744 3042 1937 3103 facere
1970 3065 2093 3102 non
2125 3064 2364 3122 possum
2398 3048 2545 3124 quin

370 3129 638 3186 Brunero
671 3128 711 3185 1.
750 3149 796 3187 c.
835 3137 894 3187 et
925 3128 1288 3208 Nipperdeio
1326 3148 1522 3206 opusc.
1559 3149 1615 3206 p.
1647 3129 1770 3187 310
1806 3150 1863 3187 n.
1901 3127 2213 3203 adsentiar,
2252 3132 2355 3209 qui
2380 3131 2545 3189 Arrii

368 3214 657 3291 praetoris
700 3214 767 3271 in
808 3214 1018 3273 itinere
1060 3222 1308 3273 mortem
1353 3214 1549 3271 fictam
1594 3233 1723 3274 esse
1767 3223 2009 3273 censent
2051 3234 2119 3274 eo
2164 3216 2407 3275 consilio
2458 3224 2541 3290 ut,

372 3317 476 3355 cur
517 3296 619 3356 ille
660 3297 834 3357 Verri
877 3318 998 3357 non
1049 3300 1435 3372 successisset,
1488 3297 1650 3357 facili
1702 3299 1876 3358 modo
1929 3300 2334 3378 explicaretur.
2403 3322 2543 3361 nam

269 3411 283 3427 ·
372 3381 604 3454 Cicero,
651 3401 785 3440 cum
829 3389 939 3441 act.
985 3384 1055 3441 II
1096 3386 1159 3441 in
1192 3385 1357 3443 Verr.
1403 3383 1441 3441 1.
1478 3384 1570 3443 IV
1606 3385 1687 3443 20
1723 3385 1803 3442 42
1851 3387 1935 3443 sic
1978 3385 2261 3463 loquitur,
2316 3386 2545 3464 ‘postea

373 3485 515 3525 vero
553 3487 730 3545 quam
774 3467 1196 3526 intellexerunt
1229 3466 1442 3543 (Siculi
1483 3476 1542 3527 et
1584 3471 1745 3529 cives
1788 3472 1853 3528 in
1891 3470 2095 3530 Sicilia
2127 3470 2408 3546 Romani)
2444 3474 2544 3531 isti

372 3549 594 3627 (Verri)
664 3554 857 3611 virum
926 3552 1162 3624 fortem,
1234 3572 1407 3631 quem
1478 3573 1703 3612 summe
1770 3556 2077 3633 provincia
2144 3556 2542 3634 exspectabat,

372 3636 444 3710 Ω.
496 3636 765 3711 Arrium,
818 3658 942 3697 non
995 3636 1347 3711 succedere',
1408 3658 1531 3697 non
1589 3637 1764 3698 modo
1815 3639 1967 3697 nihil
2020 3639 2092 3698 de
2142 3651 2327 3701 morte
2378 3641 2545 3700 Arrii

371 3721 685 3798 significat,
733 3722 837 3782 sed
872 3741 948 3782 ne
983 3723 1266 3802 potuisset
1302 3723 1541 3801 quidem
1574 3726 1660 3782 ita
1695 3723 1907 3796 dicere,
1953 3726 2003 3783 si
2047 3723 2149 3783 ille
2183 3727 2347 3783 exitu
2382 3728 2543 3787 vitae

368 3825 448 3865 ne
480 3807 654 3867 Verri
689 3807 1027 3868 succederet
1060 3807 1374 3886 impeditus
1411 3817 1577 3868 esset.
1651 3816 1851 3867 contra
1886 3812 2192 3888 aptissima
2225 3818 2362 3869 sunt
2395 3811 2542 3872 haec

368 3892 566 3965 verba,
605 3894 654 3951 si
689 3893 902 3952 Arrius
947 3893 1067 3951 alia
1103 3895 1406 3971 provincia
1448 3913 1525 3953 ne
1567 3896 1632 3952 in
1670 3892 1932 3953 Siciliam
1977 3894 2166 3955 abiret
2208 3895 2540 3973 prohibitus

370 3985 510 4035 erat.
581 3996 733 4057 quae
768 3978 960 4058 qualis
995 3978 1202 4037 fuisset
1237 3981 1533 4057 perspexit
1567 3978 1927 4055 Borghesius
1960 3980 1999 4038 1.
2040 4000 2085 4039 c.
2121 4001 2177 4059 p.
2211 3982 2307 4039 66.
2370 3984 2540 4041 nimi-

369 4081 499 4120 rum
537 4065 828 4123 exercitus
869 4066 934 4122 in
979 4064 1136 4124 bello
1183 4063 1385 4122 servili
1429 4064 1732 4124 ducendus
1777 4068 2140 4144 propraetori
2182 4064 2353 4126 datus
2398 4076 2539 4128 erat.

369 4146 597 4206 accedit
640 4149 797 4227 quod
841 4151 945 4228 qui
996 4157 1281 4208 oratorem
1329 4147 1401 4222 Ω.
1446 4148 1689 4208 Arrium
1733 4170 1770 4207 a
1810 4159 2077 4230 praetore
2122 4154 2264 4211 anni
2310 4149 2536 4230 681s73

289 4239 295 4246 “
369 4230 669 4292 diversum
723 4252 850 4294 esse
900 4233 1168 4293 iudicant
1218 4236 1283 4292 in
1335 4234 1482 4294 alias
1535 4234 1914 4296 difficultates
1966 4236 2249 4296 incidunt.
2321 4240 2540 4317 quippe
