3225 5171
715 438 830 481 VIII
1577 435 2031 483 PROLEGOMENA

715 555 995 617 LXVIII
1028 576 1083 615 v.
1119 556 1239 615 143
1269 575 1342 615 ss.
1381 554 1800 628 demonstrant,
1835 555 1941 614 ubi
1975 562 2149 633 poeta
2183 573 2344 614 eram
2370 576 2536 614 suam
2563 577 2685 614 non
2717 557 2893 615 iustis

717 643 942 721 nuptiis
979 641 1092 700 sibi
1127 643 1390 700 iunctam
1423 643 1572 700 raris
1607 641 1878 699 noctibus
1914 639 2134 698 furtiva
2160 641 2511 700 munuscula
2537 640 2767 700 dedisse
2802 643 2889 699 ait

721 726 930 806 ‘ipsius
965 745 1042 786 ex
1076 729 1204 804 ipso
1242 725 1480 804 dempta
1512 728 1630 784 viri
1664 725 1933 801 gremio',
1981 745 2133 804 quae
2166 725 2349 784 verba
2391 747 2511 785 non
2553 726 2886 804 posse-nisi

720 811 795 871 de
829 813 1036 870 marito
1075 810 1234 870 dicta
1268 830 1396 871 esse
1439 809 1503 869 id
1536 813 1731 888 ipsum
1765 809 1923 889 quod
1970 813 2286 888 opponitur
2321 811 2517 869 efficit.
2581 811 2786 870 eadem
2821 813 2887 868 in

719 897 912 973 elegia
947 895 1216 956 Catullus
1252 916 1385 955 cum
1430 895 1631 973 puella
1675 914 1783 953 sua
1825 893 1984 972 apud
2021 894 2319 953 dominam
2355 895 2671 974 quandam,
2719 897 2892 954 cuius

717 1000 932 1041 nomen
966 983 1189 1054 reticet,
1227 1000 1291 1040 se
1316 982 1665 1039 convenisse
1700 999 1947 1058 eamque
1984 980 2096 1038 sibi
2132 983 2360 1058 copiam
2396 981 2471 1039 ab
2496 981 2660 1039 Allio
2696 983 2891 1038 amico

718 1066 934 1125 factam
977 1084 1104 1126 esse
1136 1073 1401 1132 ,testatur
1443 1061 1524 1140 (v.
1573 1067 1653 1122 67
1692 1084 1765 1123 ss.
1815 1062 1987 1138 156),
2041 1064 2218 1144 quod*
2243 1065 2481 1143 quidem
2533 1066 2888 1125 beneficium

715 1153 867 1210 tanti
910 1154 1184 1210 aestimat
1232 1159 1299 1209 ut
1341 1151 1510 1208 illum
1555 1151 1798 1208 summis
1843 1149 2088 1208 extollat
2136 1149 2440 1210 laudibus,
2492 1171 2642 1229 quae
2684 1171 2776 1209 res
2822 1148 2885 1207 id

718 1235 876 1316 quod
912 1235 986 1296 de
1019 1255 1237 1312 genere
1280 1243 1340 1294 et
1383 1232 1729 1293 condicione
1761 1234 2016 1294 Lesbiae
2052 1235 2310 1293 diximus
2353 1237 2722 1295 verissimum
2761 1254 2888 1294 esse

720 1320 905 1394 docet,
944 1323 1240 1400 quoniam,
1287 1321 1337 1378 si
1372 1319 1478 1377 illa
1510 1321 1764 1397 innupta
1797 1327 1973 1398 atque
2010 1339 2043 1379 e
2076 1320 2258 1396 vulgo
2294 1319 2515 1393 fuisset,
2562 1323 2895 1383 occasionis.

719 1426 852 1465 cum
889 1425 960 1465 ea
996 1403 1419 1482 congrediendi
1453 1403 1788 1463 tarditatem
1826 1405 2081 1482 opperiri
2113 1406 2355 1465 minime
2392 1425 2538 1484 opus
2573 1413 2713 1464 erat.
2784 1424 2885 1463 ne-

717 1510 834 1570 que
867 1510 1002 1549 eum
1030 1492 1132 1569 qui
1167 1492 1392 1549 intento
1429 1491 1626 1547 animo
1661 1496 1894 1567 poetam
1929 1490 2124 1566 legere
2151 1493 2457 1549 consuevit
2482 1492 2747 1569 quaesita
2780 1489 2894 1548 illa

717 1577 1040 1635 obscuritas
1076 1575 1268 1651 fugiet
1300 1577 1364 1633 in
1401 1573 1735 1633 adferendis
1772 1576 1855 1632 eis
1889 1592 2043 1653 quae
2079 1574 2155 1632 ad
2188 1577 2331 1633 istos
2366 1583 2689 1633 conventus
2724 1594 2888 1652 spec-

717 1667 849 1719 tant
883 1662 1198 1738 conspicua
1233 1654 1410 1735 (conf.
1447 1680 1503 1718 v.
1544 1660 1622 1717 51
1653 1655 1771 1733 ss).
1836 1668 2093 1719 ceterum
2127 1681 2248 1718 non
2284 1659 2472 1718 solum
2506 1679 2581 1718 ex
2616 1660 2728 1718 hoc
2763 1679 2885 1717 car·

715 1748 900 1818 mine,
956 1744 1058 1805 sed
1107 1747 1283 1804 etiam
1327 1764 1402 1803 ex
1453 1745 1586 1802 aliis
1638 1765 1759 1802 non
1802 1743 2006 1816 nullis,
2062 1743 2139 1802 ad
2183 1764 2333 1823 quae
2383 1765 2524 1802 mox
2569 1744 2890 1822 disputatio

714 1830 1145 1908 progredietur,
1207 1830 1558 1908 perspicitur
1624 1827 1885 1902 CatuHO,
1930 1831 2291 1908 priusquam
2352 1849 2550 1888 amore
2610 1849 2713 1887 suo
2767 1829 2885 1886 frui

713 1923 935 1994 posset,
980 1917 1276 1973 maximas
1331 1913 1707 1973 difficultates
1752 1912 2113 1992 superandas
2154 1914 2362 1986 fuisse,
2415 1917 2779 1992 nimiumque
2824 1933 2886 1973 se

715 2002 931 2077 gestire
965 2002 1092 2078 ipse
1128 2020 1175 2059 c.
1205 1999 1294 2058 LI
1323 2001 1404 2058 14
1441 2000 1767 2059 confitetur.
1818 2019 1990 2077 porro
2026 2007 2229 2057 votum
2264 1998 2495 2077 puellae
2531 2020 2576 2057 c.
2603 1999 2888 2058 XXXVI

714 2092 1075 2158 enarratum,
1123 2084 1198 2144 de
1231 2105 1348 2164 quo
1384 2084 1542 2143 infra
1575 2087 1905 2143 accuratius
1952 2104 2219 2160 agemus,
2267 2103 2395 2142 eam
2438 2085 2678 2159 ingenio
2724 2083 2886 2142 haud

714 2169 967 2230 absurdo
1003 2189 1115 2229 nec
1149 2170 1495 2229 eruditionis
1532 2177 1833 2248 expertem
1867 2169 2048 2228 fuisse
2092 2167 2361 2228 ostendit.
2426 2167 2681 2247 denique
2726 2176 2884 2226 totus

714 2257 956 2314 omnino
1008 2274 1186 2313 sonus
1239 2257 1565 2313 carminum
1620 2255 1694 2314 ad
1747 2255 2028 2314 Lesbiam
2079 2255 2500 2332 pertinentium
2552 2253 2625 2311 de
2674 2253 2886 2311 humili

715 2339 954 2398 femella
998 2342 1258 2416 cogitare
1302 2359 1410 2397 nos
1454 2347 1642 2412 vetat,
1687 2358 1882 2418 neque
1923 2341 2248 2398 existimari
2289 2347 2480 2416 potest
2521 2345 2697 2415 poeta
2731 2358 2885 2396 sum·

713 2444 872 2483 mam
925 2425 1098 2482 istam
1151 2422 1498 2482 modestiam
1551 2423 1788 2502 qualem
1839 2426 2115 2483 carminis
2156 2424 2431 2484 LXVIII
2474 2423 2621 2482 haec
2663 2422 2804 2483 inde
2848 2444 2886 2482 a

712 2530 770 2567 v.
811 2508 930 2566 135
978 2508 1160 2568 verba
1199 2507 1482 2588 produnt,
1531 2507 1712 2587 ‘quae
1758 2517 1954 2566 tamen
1998 2510 2109 2566 etsi
2152 2528 2270 2567 uno
2314 2529 2435 2567 non
2480 2517 2568 2567 est
2610 2516 2887 2567 contenta

718 2593 971 2667 Catullo,
1017 2596 1178 2653 Rara
1209 2593 1580 2653 verecundae
1614 2592 1773 2671 furta
1808 2593 2061 2653 feremus
2097 2612 2245 2666 erae,
2290 2594 2387 2653 Ne
2421 2596 2670 2652 nimium
2705 2596 2883 2652 simus

715 2678 1025 2739 stultorum
1059 2699 1220 2739 more
1253 2679 1527 2752 molesti’,
1574 2678 1809 2737 mulieri
1844 2686 2028 2737 semet
2068 2678 2335 2736 inferiori
2369 2686 2427 2736 et
2461 2680 2581 2737 iam
2625 2678 2885 2757 perfidae

716 2764 1084 2823 exhibiturus
1120 2764 1318 2823 fuisse.
1372 2765 1518 2823 haec
1552 2766 1753 2822 omnia
1787 2766 1890 2842 qui
1925 2765 2237 2822 coniuncta
2272 2765 2469 2821 animo
2505 2767 2881 2842 reputaverit,

716 2852 771 2909 ei
814 2849 1092 2909 Lesbiam
1126 2852 1361 2928 penitus
1394 2869 1739 2927 persuasum
1775 2850 1888 2907 erit
1919 2868 2040 2906 non
2074 2850 2324 2906 amicam
2359 2848 2665 2924 vulgarem
2703 2848 2884 2907 fuisse

714 2937 969 3013 pecunia
1004 2934 1290 3015 donisque
1325 2934 1775 3007 conciliandam,
1812 2932 1916 2993 sed
1940 2940 2266 2991 matronam
2292 2934 2480 2992 nobili
2512 2933 2640 2992 loco
2678 2942 2881 3007 ortam,

716 3019 795 3078 ad
830 3040 1006 3100 quam
1042 3019 1236 3079 aditus
1282 3027 1433 3080 esset
1467 3018 1769 3078 difficilior
1803 3026 1864 3077 et
1903 3017 2296 3095 periculosior.
2358 3017 2547 3077 forma
2590 3021 2715 3077 eius
2751 3039 2884 3077 cum

716 3104 848 3163 aliis
881 3105 1027 3164 locis
1060 3113 1186 3163 tum
1223 3125 1270 3163 c.
1297 3105 1518 3163 XLIII
1553 3112 1614 3163 et
1638 3103 1973 3162 LXXXVI
2006 3102 2396 3181 praedicatur.
2453 3106 2618 3162 cuius
2653 3105 2884 3180 generis

714 3188 991 3248 laudibus
1036 3192 1148 3248 etsi
1189 3208 1294 3267 per
1336 3207 1399 3248 se
1442 3209 1564 3247 non
1606 3191 1692 3247 ita
1734 3190 1985 3247 multum
2017 3187 2405 3247 tribuendum
2451 3207 2575 3248 esse
2621 3188 2885 3250 concedi*

715 3294 863 3347 mus,
899 3272 1137 3353 quando
1164 3275 1325 3332 omni
1358 3274 1482 3333 fere
1508 3276 1732 3332 amanti
1765 3273 1965 3352 puella
1992 3282 2188 3332 amata
2222 3273 2371 3332 solet
2405 3273 2649 3351 pulchta
2674 3272 2881 3345 videri,

713 3368 932 3432 tamen,
978 3360 1120 3437 quia
1155 3357 1382 3418 duobus
1416 3357 1534 3416 illis
1580 3360 1888 3436 poematiis
1923 3359 2144 3418 Lesbia
2187 3378 2320 3417 cum
2366 3358 2499 3416 aliis
2543 3357 2883 3415 mulieribus

715 3451 1071 3521 conparatur
1112 3443 1596 3522 singularumque
1641 3446 1897 3521 corporis
1938 3446 2221 3503 virtutum
2261 3441 2551 3523 quaedam
2585 3443 2754 3519 quasi
2796 3460 2883 3500 re-

714 3530 913 3588 censio
947 3528 1030 3602 fit,
1069 3547 1196 3588 eam
1232 3548 1296 3589 re
1331 3548 1472 3589 vera
1505 3529 1984 3588 formosissimam
2020 3528 2202 3589 fuisse
2238 3529 2655 3598 existimamus,
2703 3524 2884 3604 idque

714 3616 891 3674 etiam
944 3613 1354 3673 ardentissimo
1416 3633 1558 3691 erga
1616 3614 1774 3673 hanc
1834 3614 2138 3673 feminam'
2175 3632 2372 3673 amore
2425 3609 2646 3669 Catulli
2706 3621 2884 3690 atque

711 3699 971 3758 maximo
1008 3700 1365 3759 aemulorum
1396 3720 1541 3779 quos
1575 3699 1787 3758 habuit
1810 3719 2053 3759 numero
2082 3694 2260 3775 (conf.
2288 3701 2351 3756 in
2376 3697 2580 3774 primis
2608 3716 2655 3754 c.
2675 3696 2771 3753 XI
2804 3697 2882 3754 18

713 3792 773 3844 et
803 3784 1122 3844 XXXVII
1162 3786 1197 3841 7
1234 3793 1294 3844 et
1333 3783 1436 3861 15)
1473 3783 1730 3864 quodam
1765 3783 1938 3843 modo
1985 3785 2373 3844 confirmatur.
2440 3788 2695 3840 ceterum
2732 3800 2884 3859 quae

711 3889 760 3927 c.
797 3867 1018 3927 XLIII
1054 3868 1373 3929 decoctoris
1409 3872 1632 3929 amicae
1667 3870 1973 3929 Formiani
2010 3870 2211 3929 deesse
2246 3867 2522 3925 dicuntur
2562 3865 2882 3944 pulchritu-

708 3952 868 4013 dinis
905 3956 1090 4030 signa‚
1139 3954 1394 4015 Lesbiae
1429 3956 1628 4014 omnia
1661 3954 1920 4014 adfuisse
1956 3954 2349 4013 necessarium
2383 3958 2471 4009 est
2505 3950 2883 4009 concludere:

708 4058 841 4098 eam
875 4041 1058 4115 igitur
1091 4060 1224 4099 cum
1269 4039 1401 4100 aliis
1445 4042 1703 4118 corporis
1748 4040 1917 4099 bonis
1959 4048 2087 4097 tum
2127 4039 2315 4114 nigris
2362 4036 2545 4095 oculis
2588 4038 2883 4111 insignem

706 4122 889 4183 fuisse
925 4124 1347 4185 contendimus.
1411 4125 1550 4183 huic
1585 4132 1782 4183 autem
1820 4124 2062 4183 candori
2095 4126 2356 4181 iunctam
2392 4121 2574 4180 fuisse
2609 4128 2882 4180 venusta·

702 4216 826 4271 tem
860 4208 1024 4269 illam
1061 4230 1215 4290 quae
1246 4212 1312 4270 in
1347 4210 1561 4290 lepore¹
1581 4209 1926 4289 facetiisque
1962 4210 2217 4269 cernitur
2249 4214 2425 4286 poeta
2462 4228 2509 4265 c.
2546 4204 2885 4266 LXXXVI
