3225 5171
686 463 826 505 *GXH
1456 460 1820 511 ιΑΒΝΟΤΔΤΙΟ
1867 461 2115 505 ΟΒῙΤῙΟΑ

685 589 901 642 ‘notam
943 580 1139 656 vulgo>
1169 588 1230 640 et
1271 579 1346 645 ab
1391 579 1659 658 Hauptio
1704 587 1837 658 post
1873 582 2088 656 periret
2129 584 2383 658 positam
2427 580 2652 642 sustuli.
2738 603 2881 641 nam

694 670 953 725 *continuo
987 685 1111 724 non
1151 672 1345 744 potest
1385 685 1508 724 non
1541 664 1888 724 adverbium
1924 684 2067 739 esse,
2114 668 2203 723 die
2235 665 2636 733 Saturnalibus
2680 675 2878 733 autem

693 771 881 812 unam
930 753 1233 817 notionem
1283 749 1466 809 efficit
1526 757 1733 829 estque
1784 749 1991 809 eodem
2050 751 2223 810 modo
2278 750 2499 811 dictum
2549 772 2665 831 qno
2718 752 2880 830 apud

698 836 983 896 Plautum
1018 834 1264 894 Poenul.
1293 836 1361 894 H
1388 837 1468 893 49
1508 837 1596 893 die
1633 837 1769 893 bono
1796 837 2167 911 Aphrodisiis.
2225 845 2483 896 ceterum
2516 840 2583 895 in
2615 836 2880 897 tollenda

697 921 1081 980 distinctione
1120 923 1376 998 praeivit
1408 920 1687 979 Klotzius
1730 920 1957 980 emend.
2006 941 2063 999 p.
2098 922 2206 993 VI,
2252 921 2356 981 sed
2399 923 2449 980 is
2495 940 2605 981 nec
2640 922 2715 981 de
2748 923 2880 981 uni-

699 1025 875 1065 versa
924 1004 1115 1064 forma
1166 1008 1446 1064 orationis
1500 1013 1657 1065 recte
1708 1004 1998 1064 iudicavit
2049 1013 2110 1065 et
2160 1005 2410 1065 alterum
2461 1026 2696 1085 quoque
2746 1015 2880 1086 post

694 1090 1101 1149 Saturnalibus
1136 1110 1363 1150 comma
1395 1092 1663 1163 removit,
1710 1110 1826 1169 qua
1860 1092 1925 1148 in
1957 1109 2023 1149 re
2056 1093 2357 1150 invenisse
2390 1111 2526 1151 eum
2562 1095 2665 1171 qui
2700 1091 2881 1150 adsti-

699 1176 1069 1255 pularentur
1089 1177 1283 1235 miror.
1326 1207 1416 1217 —-·
1459 1176 1536 1233 19
1580 1173 1887 1251 Suffenum,
1934 1179 2115 1233 omnia
2158 1175 2420 1236 distinxi.
2494 1195 2686 1256 neque
2720 1181 2881 1236 enim

690 1261 964 1320 adducor
1013 1268 1080 1319 ut
1129 1260 1413 1337 Suffenum
1464 1259 1698 1325 credam
1739 1261 2093 1336 ,genetivum
2153 1264 2385 1323 numeri
2435 1262 2682 1339 pluralis
2736 1281 2878 1323 esse.

702 1367 843 1406 nam
877 1346 1063 1405 verba
1088 1349 1269 1403 omnia
1303 1366 1510 1403 venena
1534 1345 1872 1422 generalem
1897 1349 2198 1405 notionem
2225 1349 2527 1406 continent
2555 1367 2672 1425 qua
2700 1350 2881 1405 etiam

704 1432 904 1492 Caesii
941 1438 1000 1489 et
1032 1430 1264 1510 Aquini
1300 1430 1869 1508 conprehendantur.
1940 1429 2225 1506 Suffenum
2260 1434 2440 1489 omnia
2476 1435 2604 1490 sine
2641 1431 2883 1491 distine-

703 1520 865 1576 tione
892 1516 1193 1594 Hauptius
1222 1535 1356 1581 cum
1381 1515 1783 1574 LachmannO.
1821 1547 1904 1556 —
1942 1517 2017 1572 21
2057 1515 2425 1593 parenthesis
2461 1519 2633 1593 signa
2666 1517 2881 1596 quibus

702 1601 1124 1660 Lachmannus
1187 1601 1604 1679 Hauptiusque
1664 1604 1841 1658 valete
1902 1600 2148 1659 verbum
2206 1601 2570 1661 incluserunt
2636 1605 2881 1661 removi.

688 1686 858 1746 conf.
894 1685 1173 1744 Klotzius
1207 1684 1246 1743 1.
1284 1705 1333 1745 c.
1371 1692 1430 1744 et
1463 1685 1710 1744 Ellisius
1744 1687 1809 1744 in
1844 1687 2277 1744 commentaria

833 1771 1026 1829 X1V²
1059 1771 1458 1846 fragmentum
1502 1773 1779 1829 carminis
1822 1769 1983 1837 haud
2027 1769 2206 1830 dubie
2251 1778 2455 1830 contra
2500 1789 2599 1830 eos
2646 1772 2811 1828 missi
2847 1790 2884 1828 a

703 1856 919 1936 quibus
966 1862 1091 1915 erat
1133 1854 1293 1934 quod
1330 1853 1597 1914 Catullus
1652 1858 1859 1934 poesin
1904 1875 2068 1914 suam
2120 1860 2519 1935 vituperatum
2561 1857 2638 1915 iri
2682 1857 2881 1915 existi·

705 1949 909 2001 maret.
964 1939 1116 1999 conf.
1147 1961 1196 2005 c.
1215 1939 1389 2000 XVI.
1443 1961 1584 1998 nam
1609 1940 1795 2007 verba
1827 1961 2131 2016 manusque
2163 1952 2385 2007 vestras
2420 1941 2554 1998 Non
2589 1942 2883 1998 horrebitis

704 2029 997 2084 admovere
1039 2027 1195 2083 nobis
1238 2027 1575 2085 necessario.
1616 2024 1689 2091 de
1717 2022 1951 2093 ,infesta
1986 2028 2445 2085 contrectatione
2479 2025 2884 2103 intellegenda

696 2119 868 2185 *sunt3
916 2129 1069 2191 quae
1114 2114 1165 2170 si
1208 2109 1332 2171 fere
1375 2110 1533 2170 idem
1571 2110 1976 2186 significarent
2009 2130 2188 2189 quam
2223 2111 2407 2170 verba
2440 2115 2671 2169 lectores
2706 2113 2879 2182 eritis,

703 2197 1057 2275 praecedere
1109 2214 1196 2268 ea,
1249 2216 1372 2255 non
1425 2199 1590 2275 sequi
1643 2195 1955 2255 debebant.
2028 2199 2229 2274 itaque
2280 2195 2379 2256 vel
2432 2195 2571 2255 hinc
2616 2204 2885 2274 apertum

696 2300 888 2360 quam
939 2284 1139 2359 inepte
1191 2279 1440 2345 fecerint
1490 2284 1592 2360 qui
1636 2280 1744 2345 hos
1787 2280 2110 2341 versiculos
2155 2301 2288 2341 cum
2332 2285 2418 2341 eis
2461 2283 2565 2360 qui
2606 2284 2673 2339 in
2714 2281 2884 2339 libris

703 2374 842 2446 post
877 2385 924 2424 c.
961 2366 1029 2424 II
1065 2372 1201 2424 sunt
1236 2367 1677 2441 coniungerent.

835 2450 960 2509 XV
998 2452 1074 2507 12
1121 2451 1214 2507 ubi
1255 2453 1359 2507 erit
1401 2452 1545 2523 foris
1581 2461 1856 2526 paratum
1892 2454 2176 2510 coniunxi
2209 2458 2439 2510 veteres
2474 2450 2763 2510 editiones
2799 2470 2887 2511 se-

696 2543 894 2596 cutuS.
982 2535 1076 2593 ubi
1129 2537 1233 2594 erit
1282 2537 1446 2609 foris,
1492 2545 1766 2611 paratum
1815 2535 2117 2615 Hauptius
2170 2556 2302 2595 cum
2353 2536 2753 2596 LachmannO.
2800 2564 2888 2578 —-·

706 2622 791 2679 17
828 2643 867 2682 a
902 2619 1142 2679 Statius.
1212 2620 1287 2678 ha
1322 2619 1375 2680 Ο
1413 2628 1471 2680 et
1507 2619 1565 2680 Gr
1600 2641 1638 2679 a
1671 2641 1757 2698 pr.
1796 2642 1869 2679 m.
1942 2624 2014 2679 ah
2049 2623 2370 2701 Hauptius.

835 2706 993 2765 XVI
1029 2707 1066 2764 8
1112 2715 1243 2764 sunt
1295 2705 1527 2765 codices
1578 2705 1764 2764 Plinii
1816 2707 1985 2784 epist.
2030 2707 2124 2767 IV
2161 2709 2239 2765 14
2280 2708 2335 2765 5.
2415 2709 2527 2764 sint
2568 2707 2644 2780 V,
2692 2714 2749 2767 et
2802 2710 2887 2766 sic

690 2791 1127 2851 'Lachmannus
1151 2791 1584 2870 Hauptiusque.
1622 2822 1709 2832 -
1746 2791 1781 2849 9
1811 2802 2054 2867 possunt
2088 2791 2161 2852 V.
2224 2795 2449 2868 possint
2486 2810 2522 2860 ς
2557 2812 2678 2851 non
2715 2792 2884 2866 nulli,

708 2877 1008 2954 Hauptius
1045 2896 1174 2935 cum
1210 2877 1615 2935 Lachmanno.

835 2961 1028 3020 XVII
1064 2963 1099 3019 6
1145 2961 1498 3020 Salisubsilis
1528 2961 1768 3021 Statius.
1823 2937 1935 3019 sali
1968 2963 2163 3019 subsili
2195 2962 2269 3023 V.
2321 2961 2649 3021 Salisubsili
2679 2962 2888 3041 Haup-

692 3050 828 3105 >¹tius
865 3067 1001 3106 cum
1032 3047 1439 3106 LachmannO.

837 3130 1000 3189 XXI
1037 3132 1073 3189 3
1118 3142 1217 3189 aut
1260 3140 1388 3189 sunt
1433 3138 1782 3210 suspectum.
1852 3131 2004 3190 conf.
2040 3130 2262 3192 XXIV
2299 3132 2399 3191 28.
2444 3142 2573 3191 ante
2617 3142 2717 3190 aut
2752 3143 2888 3209 post

711 3218 841 3273 aliis
893 3215 1321 3276 Froehlichius.
1376 3226 1475 3282 aut
1528 3218 1769 3291 posthac
1828 3211 1958 3275 aliis
2009 3216 2307 3275 Handius.
2361 3248 2442 3258 —
2500 3220 2575 3275 11
2632 3239 2668 3275 a
2712 3228 2764 3275 te
2815 3220 2890 3275 mi

703 3302 921 3378 scripsi
963 3320 1096 3359 cum
1137 3301 1430 3361 Munrone
1470 3320 1528 3379 p.
1566 3300 1666 3373 50,
1711 3302 1831 3359 nisi
1874 3301 2034 3380 quod
2075 3301 2173 3359 hic
2223 3305 2327 3360 mei
2375 3302 2583 3361 maluit
2626 3298 2688 3377 (a
2730 3312 2888 3360 temet

710 3380 1166 3460 Froehlichius).
1245 3385 1316 3442 ah
1350 3406 1434 3442 me
1463 3406 1548 3443 me
1581 3385 1883 3464 Hauptius
1928 3406 2063 3445 cum
2098 3386 2417 3464 Scaligero.
2478 3408 2643 3445 meme
2675 3386 2774 3446 vel
2807 3408 2890 3447 me

711 3491 797 3528 me
830 3471 902 3529 V.

839 3554 1036 3613 XXII
1071 3553 1107 3612 5
1157 3557 1556 3630 palimpsestos
1598 3556 2010 3616 BaehrensiuS.
2081 3559 2420 3631 palmisepto
2464 3558 2542 3629 V,
2586 3555 2746 3616 unde
2785 3577 2890 3633 pa-

694 3644 994 3716 limpsesto
1040 3639 1180 3699 olim
1223 3639 1420 3716 vulga
1505 3643 1933 3717 palimpsestum
1982 3641 2059 3701 N.
2095 3641 2398 3701 Heinsius
2484 3645 2887 3717 palimpseston

712 3726 1014 3804 Hauptius
1049 3723 1125 3785 de
1159 3728 1497 3785 coniectura
1530 3726 1919 3785 Lachmanni.
1947 3758 2033 3767 —-
2074 3727 2108 3784 7
2142 3728 2451 3785 membrana
2475 3728 2604 3800 V,
2585 3749 2624 3785 1.
2655 3745 2701 3785 e.
2730 3748 2888 3784 mem-

676 3871 681 3876 ,
708 3813 944 3882 branae,
983 3810 1141 3890 quod
1173 3810 1388 3870 reduxi
1425 3831 1560 3870 cum
1595 3812 1890 3871 Munrone
1914 3831 1971 3889 p.
1999 3812 2083 3869 50
2100 3831 2173 3870 88.
2225 3813 2541 3870 membrana
2569 3811 2886 3884 Avantius‚

673 3952 676 3955 ,
710 3915 887 3974 quem
929 3896 1352 3954 Lachmannus
1396 3903 1456 3955 et
1499 3896 1799 3974 Hauptius
1854 3917 1986 3957 cum
2036 3896 2333 3976 plerisque
2384 3896 2653 3957 omnibus
2705 3899 2889 3968 secuti

709 3987 851 4038 sunt
898 3982 984 4038 ita
1033 3989 1100 4039 ut
1149 3980 1304 4039 hanc
1346 4000 1556 4040 vocem
1599 4002 1733 4040 cum
1778 3982 2157 4060 sequentibus
2200 3982 2397 4041 verbis
2446 3985 2887 4059 coniungerent.

715 4083 917 4124 verum
943 4067 1259 4123 membrana
1284 4085 1503 4125 nomen
1538 4065 1650 4125 hoc
1677 4066 1805 4125 loco
1832 4087 1952 4126 non
1978 4074 2173 4144 potest
2206 4069 2324 4126 nisi
2356 4074 2766 4144 tegumentum
2794 4066 2890 4125 vel

694 4149 1079 4209 involucrum
1125 4150 1265 4210 libri
1300 4151 1652 4227 significare,
1706 4151 1887 4210 verba
1933 4160 2129 4211 autem
2174 4153 2396 4209 derecta
2434 4153 2659 4228 plumbo
2705 4153 2888 4224 mani-

696 4234 860 4295 zfesto
905 4235 983 4294 ad
1025 4238 1182 4315 ipsas
1227 4235 1459 4296 chartas
1492 4255 1873 4315 papyraceaS,
1922 4255 2071 4316 quae
2105 4236 2347 4316 plumbo
2395 4240 2588 4297 notari
2623 4235 2892 4296 solebant
