3225 5171
1166 468 1363 515 PROLE
1369 467 1623 511 GOMENA
2416 468 2479 509 LI

301 605 437 648 esse
468 586 703 666 puellae
740 606 878 645 suae
914 606 950 644 a
980 582 1111 645 ‘deis
1146 588 1358 646 amoris
1396 586 1550 646 dono
1579 586 1798 659 datum,
1834 588 2045 646 mirum
2081 593 2169 646 est
2196 594 2480 667 quantum

304 672 450 731 hinc
486 671 831 730 Schwabius
867 692 922 749 p.
963 673 1085 728 242
1114 692 1157 729 s.
1195 668 1373 745 (conf.
1411 675 1588 731 etiam
1633 692 1689 749 p.
1728 672 1847 731 245
1880 670 1948 744 S.)
1986 680 2044 730 et
2079 673 2481 750 Westphalius

301 777 365 836 p.
398 757 521 814 150
551 778 594 815 s.
633 757 1053 814 concluserint:
1090 757 1274 815 verba
1302 760 1460 815 enim
1485 760 1602 815 ista
1630 756 1705 815 ad
1732 757 2012 816 Lesbiam
2041 777 2174 815 cum
2201 757 2479 830 referunt,

307 862 359 901 c.
405 841 573 899 XIII
615 844 855 919 vigente
909 844 1086 900 etiam
1134 840 1356 899 Catulli
1409 860 1551 919 erga
1594 860 1724 900 eam
1776 861 1972 901 amore
2026 845 2305 921 scriptum
2359 860 2482 901 esse

308 929 671 986 existimant.
750 946 869 1004 qua
921 925 1162 1004 quidem
1215 929 1494 1004 opinione
1543 929 1665 985 iam
1715 926 1868 985 illud
1913 925 2166 985 debebat
2221 925 2484 986 detinere

309 1009 472 1090 quod
506 1019 682 1089 poeta
716 1031 772 1068 v.
802 1012 843 1068 4
879 1010 1195 1069 candidam
1227 1010 1490 1089 puellam
1525 1015 1712 1069 amico
1748 1010 1826 1069 ad
1862 1030 2067 1071 cenam
2104 1010 2484 1070 adferendam

309 1115 441 1155 esse
475 1098 576 1154 ait.
646 1103 866 1174 quanto
901 1098 1086 1172 igitur
1117 1099 1333 1155 rectius
1358 1097 1657 1155 Brunerus
1690 1117 1748 1174 p.
1780 1097 1901 1153 636
1931 1116 1973 1154 s.
2009 1095 2312 1168 iudicavit,
2352 1117 2485 1155 cum

306 1184 488 1240 istam
518 1179 740 1239 Catulli
765 1180 1025 1258 puellam
1049 1184 1115 1238 in
1144 1183 1401 1240 carmine
1431 1200 1507 1239 ex
1531 1184 1709 1240 meris
1734 1184 1878 1239 iocis
1909 1185 2208 1259 conposito
2241 1184 2486 1240 strictim

316 1272 832 1325 commemoratam
867 1285 990 1324 una
1025 1286 1156 1325 cum
1190 1273 1494 1342 unguento
1530 1269 1656 1324 eius
1694 1265 1979 1324 divinitus
2016 1264 2209 1324 delato
2247 1269 2485 1325 omnino

313 1351 516 1409 fictam
569 1369 698 1409 esse
749 1359 1027 1410 censeret.
1106 1354 1369 1429 sequitur
1419 1358 1484 1408 ut
1539 1349 1612 1409 de
1663 1371 1709 1409 c.
1762 1350 2003 1409 XLVII
2068 1350 2345 1409 dicamus
2421 1350 2487 1410 id

314 1438 599 1513 scriptum
651 1454 779 1495 esse
822 1435 1090 1513 adparet,
1145 1455 1278 1494 cum
1321 1436 1617 1495 Veranius
1671 1441 1728 1494 et
1767 1434 2057 1494 Fabullus
2110 1436 2334 1495 Romae
2388 1435 2489 1493 ad—

310 1523 620 1579 venissent
652 1528 830 1599 atque
867 1540 1000 1579 cum
1037 1519 1272 1579 Catullo
1309 1523 1615 1598 conquesti
1651 1528 1843 1579 essent
1877 1520 1994 1579 sibi
2030 1540 2065 1577 a
2098 1520 2318 1580 Pisone
2343 1520 2487 1579 Por·

317 1608 475 1664 cium
519 1614 577 1665 et
620 1604 1042 1678 Socrationem,
1095 1605 1362 1664 homines
1415 1606 1586 1664 nobis
1637 1608 1872 1681 ignotos
1916 1608 2020 1684 qui
2065 1613 2123 1664 et
2164 1608 2282 1684 ipsi
2323 1625 2488 1683 prae-

315 1697 504 1750 torem
537 1693 604 1748 in
637 1691 995 1768 Hispaniam
1032 1693 1294 1749 comitati
1331 1697 1513 1761 erant,
1559 1693 1924 1768 praepositos
1960 1709 2101 1749 esse.
2174 1710 2319 1768 quos
2355 1711 2490 1749 cum

314 1783 492 1854 poeta
525 1779 592 1833 in
635 1775 839 1834 urbem
881 1795 1144 1836 reversos
1191 1775 1264 1834 de
1315 1775 1478 1834 lucro
1526 1778 1590 1833 in
1625 1777 1943 1853 provincia
1985 1774 2141 1833 facto
2186 1775 2491 1834 luxuriosa

316 1863 597 1918 convivia
627 1863 930 1934 instruere,
975 1860 1204 1920 sodales
1241 1867 1444 1918 contra
1479 1879 1615 1918 suos
1651 1878 1822 1935 egere
1866 1858 2110 1932 videret,
2157 1861 2487 1919 stomachus

319 1948 378 2003 ei
414 1951 606 2003 motus
650 1953 759 2018 est,
805 1945 1297 2024 vehementerque
1338 1945 1473 2003 illos
1517 1964 1638 2002 una
1690 1965 1823 2002 cum
1858 1944 2075 2002 Pisone
2119 1943 2345 2003 fautore
2390 1944 2489 2002 ad-

319 2031 523 2086 oritur.
569 2062 652 2070 —
695 2049 853 2088 nunc
906 2034 1086 2088 etiam
1144 2049 1274 2088 eam
1326 2032 1729 2107 quaestionem
1783 2035 1918 2105 apte
1968 2027 2287 2087 inferemus
2341 2048 2491 2106 quae

290 2133 499 2192 supra
536 2112 863 2174 differenda
898 2122 1038 2186 erat,
1077 2113 1312 2192 quando
1351 2133 1396 2170 c.
1433 2113 1565 2170 XII
1609 2112 1884 2171 videatur
1918 2115 2200 2189 scriptum
2237 2132 2379 2184 esse,
2425 2108 2490 2172 in

321 2218 437 2276 quo
482 2197 749 2258 Catullus
792 2197 1070 2256 Asinium
1105 2200 1507 2256 Marrucinum
1550 2217 1735 2255 unum
1780 2216 1811 2255 e
1855 2195 2105 2255 sudariis
2142 2195 2411 2256 Saetabis
2456 2219 2493 2257 a

313 2283 574 2342 Fabullo
620 2292 678 2342 et
717 2284 980 2344 Veranio
1034 2301 1108 2341 ex
1151 2283 1446 2360 Hispania
1497 2281 1612 2340 sibi
1658 2281 1811 2340 dono
1853 2284 2047 2340 missis
2096 2285 2163 2340 in
2216 2285 2490 2342 convivio

319 2371 673 2445 surripuisse
724 2370 1082 2426 criminatur.
1155 2365 1313 2445 quod
1355 2385 1590 2424 carmen
1635 2365 1892 2425 dubitari
1933 2387 2055 2425 non
2100 2374 2293 2446 potest
2344 2371 2491 2447 quin

314 2460 497 2532 poeta
559 2451 901 2510 absentibus
971 2455 1150 2510 etiam
1220 2454 1422 2510 amicis
1493 2454 1882 2529 conposuerit‚
1952 2455 2297 2529 praesertim
2358 2473 2491 2511 cum

290 2558 376 2618 pv.
420 2537 497 2594 12
528 2556 570 2596 s.
615 2535 864 2596 linteum
906 2536 981 2597 ab
1017 2537 1231 2596 Asinio
1275 2535 1626 2596 subductum
1668 2557 1789 2596 non
1830 2540 2006 2615 pretii
2048 2557 2243 2611 causa,
2290 2537 2394 2598 sed
2427 2546 2492 2598 ut

321 2620 826 2701 ‘mnemosynum‘
866 2626 958 2681 sui
992 2622 1210 2681 sodalis
1246 2623 1361 2682 sibi
1395 2642 1595 2682 carum
1631 2642 1759 2682 esse
1795 2621 1969 2681 dicat.
2032 2631 2093 2681 at
2125 2631 2323 2681 tamen
2360 2644 2491 2682 cum

316 2707 632 2766 manifesto
649 2709 876 2767 Romae
903 2707 1204 2768 conditum
1224 2711 1300 2766 sit
1317 2707 1428 2767 hoc
1446 2711 1821 2785 poematium,
1851 2710 2058 2786 nequit
2084 2728 2240 2766 anno
2263 2707 2488 2784 697s57

320 2791 643 2869 adsignari,
691 2796 908 2872 quippe
954 2813 1070 2871 quo
1122 2791 1388 2853 Catullus
1431 2795 1498 2851 in
1539 2792 1828 2870 Bithynia
1870 2795 2103 2851 vixerit.
2172 2795 2371 2870 itaque
2415 2792 2492 2851 ad

317 2897 430 2937 ver
461 2880 826 2955 insequentis
861 2881 1005 2936 anni
1039 2877 1400 2950 deducimur,
1436 2884 1825 2956 putamusque
1860 2884 2093 2954 poetam
2134 2880 2278 2936 istos
2313 2881 2493 2936 versi-

321 2962 488 3022 culos
548 2961 757 3021 fecisse
815 2963 986 3021 brevi
1044 2970 1178 3042 post
1237 2982 1414 3041 quam
1464 2962 1727 3032 Verona,
1789 2961 1892 3019 ubi
1954 2980 2088 3019 eum
2147 2980 2224 3020 ex
2281 2963 2493 3021 itinere

317 3046 644 3123 Bithynico
677 3050 934 3125 primum
967 3067 1185 3125 paucos
1220 3046 1346 3106 dies
1381 3055 1798 3105 commoratum
1823 3064 1948 3104 esse
1976 3048 2208 3118 scimuS,
2244 3046 2492 3105 Romam

318 3133 601 3191 venisset.
671 3134 773 3208 qui
809 3134 935 3203 etsi,
971 3139 1037 3189 ut
1069 3131 1344 3204 vidimuS,
1382 3130 1579 3210 aliquo
1615 3138 1877 3209 tempore
1910 3138 2042 3208 post
2075 3132 2401 3190 Veranium
2436 3139 2495 3191 et

318 3214 644 3275 Fabullum
695 3216 771 3273 in.
811 3218 1175 3293 provinciam
1227 3216 1475 3288 abierat,
1537 3224 1739 3274 tamen
1791 3216 1989 3293 paullo
2042 3219 2206 3294 prius
2256 3216 2377 3274 illis
2427 3219 2495 3275 in

319 3299 562 3361 Italiam
623 3302 880 3359 revertit.
960 3319 1151 3377 neque
1210 3301 1348 3360 huic
1406 3304 1686 3379 temporis
1747 3300 2081 3359 definitioni
2139 3300 2260 3359 ullo
2320 3301 2494 3360 modo

321 3391 621 3464 repugnat
663 3383 821 3463 quod
863 3405 918 3443 v.
969 3385 1004 3442 9
1053 3384 1120 3443 C.
1164 3384 1377 3458 Pollio,
1431 3385 1633 3444 Asinii
1675 3387 1998 3444 Marrucini
2043 3386 2240 3459 frater,
2297 3386 2493 3464 ‘puer’

325 3470 557 3529 dicitur.
629 3472 734 3548 qui
777 3488 910 3527 cum
953 3469 1164 3527 Tacito
1209 3469 1346 3527 dial.
1392 3490 1439 3528 c.
1479 3472 1559 3528 34
1603 3478 1840 3529 auctore
1884 3470 2066 3529 altero
2112 3478 2170 3529 et
2214 3474 2494 3530 vicesimo

326 3558 536 3614 aetatis
598 3574 755 3613 anno
811 3552 875 3612 C.
932 3552 1217 3613 Catonem
1281 3558 1645 3614 accusaverit
1707 3550 1850 3633 (qua
1910 3553 1985 3613 de
2048 3558 2277 3613 actione
2339 3555 2493 3614 conf.

324 3640 710 3699 Drumannus
761 3638 846 3711 II,
900 3658 957 3718 p.
1005 3640 1042 3696 3
1090 3646 1148 3697 et
1188 3640 1264 3712 V,
1307 3661 1364 3718 p.
1412 3638 1585 3716 204),
1642 3642 1903 3717 sequitur
1951 3647 2018 3697 ut
2060 3660 2111 3696 a.
2160 3635 2385 3717 679l75
2429 3641 2497 3699 in

323 3724 521 3784 lucem
571 3728 647 3783 sit
699 3722 906 3783 edituS.
987 3730 1113 3782 erat
1155 3727 1361 3801 igitur,
1417 3744 1549 3783 cum
1594 3720 1887 3783 Catullus
1918 3742 1964 3780 c.
2018 3723 2149 3781 XII
2202 3724 2495 3798 scriberet,

323 3808 705 3886 undeviginti
738 3828 925 3867 annos
959 3801 1132 3867 natus
1166 3816 1509 3887 poteratque
1536 3812 1754 3886 optimo
1781 3810 1909 3867 iure
1935 3829 1971 3866 a
1995 3816 2170 3886 poeta
2196 3808 2497 3887 aliquanto

322 3897 550 3954 maiore
611 3914 760 3970 puer
815 3897 1042 3965 vocari,
1116 3897 1281 3953 cuius
1343 3896 1598 3952 nominis
1660 3896 1821 3951 notio
1891 3913 2012 3951 non
2071 3896 2261 3969 magis
2323 3915 2499 3973 quam

328 3980 699 4038 adulescentis
744 3982 917 4038 certis
962 3979 1177 4038 finibus
1223 3980 1663 4057 circumscripta
1708 3985 1796 4037 est
1830 3974 2007 4054 (conf.
2043 3978 2301 4037 Manutii
2348 4001 2500 4039 com·

326 4070 508 4123 ment.
558 4068 625 4122 in
671 4062 793 4123 Cic.
846 4066 1011 4143 epist.
1067 4064 1142 4122 ad
1195 4063 1332 4122 fam.
1377 4064 1446 4122 Π
1493 4066 1547 4137 1,
1601 4085 1657 4142 Ρ.
1709 4062 1826 4120 145
1885 4072 1943 4121 et
1990 4065 2109 4122 146
2158 4063 2245 4123 ed.
2290 4061 2500 4144 Lips.).

327 4152 553 4227 vixque
605 4147 873 4208 Catullus
927 4147 1001 4207 ad
1053 4149 1309 4209 hominis
1360 4155 1505 4208 natu
1557 4152 1736 4207 etiam
1786 4150 2029 4207 minoris
2089 4148 2375 4209 iudicium
2430 4149 2503 4208 de

325 4233 503 4293 furtis
545 4232 748 4291 Asinii
781 4235 1112 4312 ¹Marrucini
1158 4239 1244 4294 ita
1294 4241 1360 4294 ut
1399 4237 1464 4293 in
1517 4234 1629 4294 hoc
1684 4236 1941 4293 carmine
1992 4234 2133 4294 fecit
2182 4253 2503 4314 provocare

2081 4328 2161 4372 DU-
