3225 5171
1169 438 1624 481 PROLEGOMENA
2405 441 2489 481 Lv·

306 564 515 615 tamen
550 575 587 614 a
621 555 838 635 populo
874 575 980 634 per
1013 555 1454 633 indiligentiam
1481 557 1846 618 adficeretur.
1910 562 2033 617 iam
2068 562 2120 618 si
2155 561 2491 638 quaerimus

312 642 573 721 quonam
607 661 765 699 anno
802 661 848 699 c.
876 641 1031 701 XIV
1059 644 1340 720 scriptum
1365 642 1653 715 videatur,
1689 647 1756 701 in
1791 642 1930 702 solis
1966 644 2152 703 tribus
2186 644 2493 703 versiculis

314 729 524 806 primis
560 724 787 805 aliquid
821 734 911 785 est
944 726 1020 784 ad
1055 745 1186 785 eam
1221 747 1345 786 rem
1370 727 1597 799 auxilii,
1635 727 1740 787 ubi
1768 728 2036 788 Cat-ullus
2069 747 2194 788 sese
2221 727 2490 802 Calvum,

313 812 435 870 nisi
469 830 604 869 eum
637 810 772 889 plus
807 819 1029 871 amaret
1065 811 1248 871 oculis
1284 815 1422 885 suis,
1458 820 1700 891 propter
1723 834 1937 872 munus
1971 812 2132 872 istud
2167 812 2493 873 Saturnali-

314 900 474 955 cium
504 895 667 955 ‘odio
685 896 1034 954 Vatiniano’
1064 916 1301 956 osurum
1328 895 1511 956 fuisse
1530 897 1818 957 adfirmat.
1873 918 1990 978 qua
2007 897 2249 977 quidem
2266 902 2494 958 ratione

312 988 551 1060 poetam
586 980 787 1040 odium
815 989 1098 1060 quantum
1133 981 1261 1041 fieri
1294 989 1488 1060 potest
1511 986 1837 1041 maximum
1873 984 2212 1060 significare
2238 983 2496 1043 voluisse

317 1074 543 1125 certum
579 1073 682 1124 est.
752 1085 945 1146 neque
978 1070 1172 1125 minus
1209 1074 1431 1126 certum
1476 1075 1564 1126 est
1595 1068 1828 1126 Vatinii
1869 1071 1935 1127 in
1972 1068 2224 1128 Calvum
2268 1067 2488 1141 odium,

317 1148 458 1223 non,
495 1159 562 1209 ut
587 1150 828 1229 quidam
863 1154 1091 1229 opinati
1124 1160 1275 1224 sunt,
1313 1155 1576 1210 universi
1609 1152 1815 1231 populi
1849 1161 1953 1212 aut
1978 1156 2280 1232 utriusque
2314 1157 2493 1212 amici

316 1239 385 1295 in
428 1237 738 1295 Vatinium
793 1235 995 1294 odium
1045 1236 1339 1313 intellegi,
1393 1240 1479 1294 ita
1529 1245 1596 1295 ut
1648 1241 1943 1296 sententia
1991 1237 2304 1297 verborum
2348 1239 2497 1298 haec

317 1324 420 1380 sit:
469 1319 753 1379 ‘odissem
797 1328 856 1379 te
899 1328 1063 1379 tanto
1109 1321 1243 1380 odio
1287 1329 1510 1400 quanto
1551 1329 1611 1381 te
1656 1322 1781 1380 odit
1822 1323 2134 1382 Vatinius)
2206 1326 2292 1382 sic
2336 1327 2496 1382 enim

320 1408 645 1465 rectissime
688 1404 954 1484 procedit
998 1410 1202 1478 oratio,
1249 1425 1440 1485 neque
1483 1410 1678 1485 aptius
1720 1406 1983 1486 profecto
2029 1411 2341 1488 quicquam
2386 1409 2498 1468 Ca-

316 1490 503 1549 tullus
522 1489 598 1549 ad
626 1494 889 1550 animum
906 1489 1351 1550 infestissimum
1380 1491 1801 1552 declarandum
1829 1512 2280 1567 commemorare
2304 1497 2499 1571 potuit

317 1595 501 1655 quam
534 1575 599 1633 id
633 1575 835 1643 odium
864 1597 978 1656 quo
1014 1595 1147 1635 reus
1182 1580 1248 1635 in
1282 1584 1681 1637 accusatorem
1717 1598 1887 1636 suum
1922 1577 2130 1637 ardere
2157 1578 2318 1637 solet.
2379 1579 2501 1638 Va-

320 1664 537 1719 tinium
573 1668 769 1720 autem
804 1682 925 1719 non
962 1661 1157 1735 semel,
1205 1661 1309 1720 sed
1340 1670 1432 1720 ter
1476 1665 1791 1721 minimum
1834 1683 1870 1720 a
1906 1662 2093 1722 Calvo
2137 1661 2497 1742 postulatum

318 1765 449 1805 esse
482 1745 660 1805 hodie
694 1766 799 1825 pro
836 1745 1139 1824 explorato
1175 1755 1264 1806 est
1297 1746 1651 1806 habendum.
1724 1755 1902 1826 atque
1942 1749 2007 1806 in
2040 1748 2256 1825 vulgus
2292 1756 2500 1807 notum

318 1839 412 1889 est
447 1850 581 1889 eum
615 1851 667 1888 a.
707 1824 934 1909 700s54
970 1831 1103 1908 lege
1127 1831 1365 1891 Licinia
1400 1831 1473 1890 de
1509 1832 1809 1891 sodaliciis
1846 1853 1882 1891 a
1916 1832 2103 1892 Calvo
2141 1841 2496 1906 accusatum,

324 1915 429 1974 sed
481 1915 766 1975 Cicerone
818 1914 1172 1976 defendente
1225 1916 1557 1975 absolutum
1622 1937 1765 1977 esse.
1837 1937 2044 1977 verum
2092 1917 2248 1976 hanc
2307 1937 2501 1997 neque

322 1999 512 2058 solam
546 2019 734 2081 neque
767 2004 1020 2080 primam
1055 2004 1348 2060 actionem
1382 2001 1562 2061 fuisse
1590 2021 1624 2061 e
1651 2002 1850 2060 Taciti
1886 2001 2025 2059 dial.
2057 2001 2130 2060 de
2166 2010 2309 2060 orat.
2339 2023 2386 2060 c.
2419 2004 2499 2061 34

324 2093 473 2163 extr.
502 2088 868 2165 perspicitur,
897 2085 1001 2144 ubi
1026 2086 1209 2145 altero
1236 2094 1296 2146 et
1320 2088 1600 2145 vicesimo
1631 2089 1838 2145 aetatis
1867 2106 2023 2144 anno
2042 2085 2287 2152 Asinius
2305 2086 2500 2145 Pollio

326 2168 393 2228 O.
431 2169 733 2243 Catonem,
780 2170 925 2229 ‘non
970 2170 1220 2228 multum
1265 2178 1458 2229 aetate
1499 2171 1881 2230 antecedens’
1930 2170 2149 2230 Calvus
2193 2172 2503 2230 Vatinium

324 2256 689 2315 orationibus
725 2256 975 2313 insecuti
1009 2273 1137 2314 esse
1174 2254 1472 2329 dicuntur3
1520 2275 1637 2334 quo
1675 2276 1807 2314 cum
1849 2255 1981 2314 loco
2025 2259 2296 2333 congruit
2342 2259 2503 2315 testi-

323 2342 588 2398 monium
634 2337 993 2412 Quintiliani
1035 2338 1074 2395 l.
1109 2339 1243 2399 XII
1288 2343 1322 2397 6
1373 2343 1406 2396 1
1457 2339 1735 2413 Calvum,
1783 2339 2120 2414 Caesarem,
2166 2341 2500 2400 Pollionem

322 2424 577 2483 multum
621 2433 761 2483 ante
796 2426 1189 2503 quaestoriam
1232 2433 1500 2498 aetatem,
1546 2428 1651 2504 qui
1695 2434 1821 2486 erat
1862 2425 2097 2485 illorum
2141 2427 2503 2506 temporibus

325 2529 520 2568 annus
567 2511 726 2568 vitae
769 2511 1113 2584 tricesimuS,
1168 2513 1516 2589 gravissima
1557 2510 1781 2570 iudicia
1825 2513 2148 2591 suscepisse
2192 2514 2502 2570 narrantis.

323 2595 474 2655 haec
525 2593 771 2674 adparet
821 2615 942 2654 non
993 2615 1162 2674 posse
1213 2596 1292 2655 ad
1344 2599 1774 2658 accusationem
1817 2618 1993 2676 quam
2047 2597 2303 2656 diximus
2357 2600 2502 2656 anni

329 2676 562 2757 700J54
600 2688 882 2758 spectare,
920 2683 1139 2759 quippe
1175 2702 1291 2760 quo
1321 2680 1557 2754 Calvus,
1595 2701 1771 2761 quem
1798 2683 2032 2741 Plinius
2066 2690 2186 2741 nat.
2216 2682 2350 2741 hist.
2376 2683 2503 2742 VII

326 2766 409 2823 49
443 2765 562 2823 165
595 2764 661 2824 C.
691 2767 881 2824 Mario
912 2764 1020 2826 Cn.
1053 2766 1323 2826 Carbone
1351 2768 1587 2825 tertium
1616 2766 1972 2840 consulibus,
2009 2766 2063 2824 h.
2092 2786 2141 2825 e.
2171 2787 2222 2825 a.
2252 2763 2500 2843 672l82,

328 2860 466 2910 ante
501 2850 658 2910 diem
694 2853 965 2929 quintum
999 2850 1309 2910 Kalendas
1345 2852 1549 2910 Iunias
1583 2853 1852 2927 genitum
1888 2870 2015 2911 esse
2050 2850 2244 2923 refert,
2280 2872 2503 2911 annum

330 2937 537 2994 aetatis
572 2935 1093 2995 undetricesimum
1138 2939 1338 3013 egerit.
1409 2935 1639 2995 accedit
1682 2934 1841 3014 quod
1875 2936 2121 2994 Tacitus
2157 2935 2294 2994 dial.
2332 2956 2380 2996 c.
2420 2939 2497 2993 21

330 3020 506 3080 Calvi
538 3022 602 3077 in
636 3021 946 3079 Vatinium
990 3023 1487 3080 accusationes
1532 3040 1602 3078 ac
1644 3022 1963 3099 praecipue
2005 3020 2381 3079 secundam
2426 3039 2502 3079 ex

331 3107 416 3164 eis
471 3106 794 3163 orationem
848 3108 913 3163 in
964 3108 1226 3164 omnium
1277 3104 1670 3163 studiosorum
1730 3105 2003 3164 manibus
2054 3108 2279 3165 versari
2330 3104 2501 3180 dicit3

328 3188 492 3248 unde
533 3195 651 3247 tres
695 3191 1004 3247 minimum
1048 3192 1450 3248 accusationes
1502 3189 1685 3249 fuisse
1737 3192 1946 3250 merito
1999 3191 2311 3267 colligitur.
2380 3190 2501 3249 vid.

327 3271 729 3352 Nipperdeius
765 3293 960 3351 opusc.
994 3294 1053 3352 p.
1090 3276 1214 3334 330
1243 3294 1287 3335 s.
1336 3274 1513 3333 fidem
1549 3283 1745 3335 autem
1785 3276 1933 3333 mihi
1975 3274 2134 3349 fecit,
2178 3275 2320 3335 licet
2362 3278 2505 3335 satis

331 3359 675 3435 neglegenti
742 3357 1034 3417 latinitate
1094 3362 1588 3436 argumentationi
1649 3379 1792 3419 suae
1849 3364 2137 3433 nocuerit,
2210 3360 2506 3438 Georgius

330 3444 701 3503 Matthiesius
737 3450 1104 3502 commentat.
1139 3443 1420 3523 philolog.
1457 3448 1519 3503 in
1553 3445 1835 3504 honorem
1872 3444 2118 3522 Georgii
2146 3445 2334 3505 Curtii
2370 3466 2505 3505 con-

333 3532 683 3608 scriptarum
724 3548 781 3606 p.
822 3528 942 3586 108
971 3548 1065 3600 ss.,
1101 3530 1406 3588 Vatinium
1449 3550 1502 3587 a.
1541 3526 1769 3607 698l5ss
1815 3550 1852 3588 a
1897 3529 2083 3588 Calvo
2127 3531 2261 3607 lege
2303 3530 2507 3588 Tullia

336 3613 410 3672 de
445 3613 673 3672 ambitu
704 3612 1066 3691 postulatum
1101 3632 1243 3673 esse.
1296 3616 1414 3671 nisi
1450 3614 1607 3693 quod
1642 3617 1797 3673 hanc
1831 3617 2264 3674 accusationem
2302 3633 2507 3673 secun-

335 3698 473 3756 dam
508 3707 686 3777 atque
731 3700 994 3757 omnium
1030 3698 1414 3757 clarissimam
1456 3698 1639 3758 fuisse
1683 3719 1804 3757 non
1840 3699 2102 3758 adducor
2142 3708 2211 3757 ut
2253 3698 2506 3772 credam,

335 3783 767 3862 falsissimeque
795 3791 950 3842 certe
978 3783 1351 3843 Matthiesius
1379 3783 1455 3841 ad
1484 3802 1616 3841 eam
1649 3784 1803 3842 inter
1831 3783 1950 3842 alia
1978 3783 2151 3843 Calvi
2177 3786 2510 3843 orationum

335 3870 400 3926 in
433 3868 743 3927 Vatinium
788 3867 1126 3944 fragmenta
1172 3871 1349 3928 etiam
1382 3867 1535 3926 illud
1579 3888 1617 3926 a
1652 3865 2026 3942 Quintiliano
2059 3869 2156 3927 IX
2194 3871 2231 3925 2
2270 3870 2347 3927 25
2384 3869 2513 3928 lau-

334 3952 540 4011 datum
574 3952 816 4024 rettulit,
856 3953 1138 4032 ‘perfrica
1169 3952 1424 4013 frontem
1459 3961 1518 4012 et
1543 3952 1639 4034 dic
1671 3962 1732 4013 te
1758 3953 2105 4030 digniorem,
2144 3956 2247 4034 qui
2279 3963 2517 4034 praetor

338 4036 524 4109 fieres,
561 4058 738 4116 quam
768 4036 1080 4098 Catonem’
1117 4037 1198 4114 (v.
1237 4045 1380 4097 orat.
1406 4040 1575 4098 Rom.
1614 4037 1824 4115 fragm.
1862 4040 1937 4098 ab
1974 4040 2051 4097 H.
2081 4041 2324 4119 Meyero
2361 4039 2514 4113 coll„

337 4142 394 4200 p.
432 4123 554 4179 477
594 4122 682 4181 ed.
722 4120 885 4198 alt.);
935 4143 1087 4203 quae
1122 4123 1360 4204 quidem
1403 4124 1587 4183 verba
1631 4126 1697 4183 in
1731 4125 2039 4185 Vatinium
2084 4133 2361 4204 praetura
2395 4127 2519 4182 iam

332 4205 712 4294 perfunctum
749 4206 906 4267 dicta
943 4228 1068 4270 esse
1095 4211 1505 4269 coniunctivus
1535 4211 1698 4282 fieres
1726 4209 2101 4271 demonstrat.
2155 4213 2357 4291 itaque
2386 4229 2525 4284 cum,
