3225 5171
721 401 823 467 44·
1577 416 1920 472 CATULLI

618 555 689 611 90
724 562 958 603 aurave
995 539 1320 604 distinctos
1357 538 1571 604 educit
1605 562 1801 603 verna
1838 539 2095 615 colores,

720 654 847 696 non
884 633 1058 717 prius
1093 656 1171 698 ex
1207 632 1314 695 illo
1349 632 1685 717 flagrantia
1720 631 2056 695 declinavit

721 725 981 801 lumina,
1018 747 1210 807 quam
1247 734 1474 789 cuncto
1513 724 1802 809 concepit
1837 745 2097 809 corpore
2132 725 2452 789 flammam

722 819 1007 883 funditus
1043 830 1232 901 atque
1267 819 1409 882 imis
1446 819 1682 882 exarsit
1716 828 1847 882 tota
1880 818 2194 883 medullis.

722 913 848 978 heu
886 913 1112 977 misere
1148 914 1474 997 exagitans
1509 912 1713 975 inmiti
1751 912 1938 976 corde
1974 913 2219 977 furores

618 1029 695 1090 95
722 1018 937 1071 sancte
974 1030 1152 1091 puer,
1191 1006 1357 1070 curis
1392 1006 1719 1071 hominum
1757 1005 1866 1088 qui
1903 1006 2137 1089 gaudia
2170 1006 2417 1084 misces,

654 1089 671 1190 ζ
766 1123 885 1164 uae
932 1123 1014 1164 ue
1051 1100 1218 1184 regis
1257 1098 1501 1183 Golgos
1538 1121 1830 1182 quaeque
1866 1099 2140 1163 Idalium
2176 1100 2571 1176 frondosum,

638 1197 697 1315 {Z
722 1180 1016 1277 qualibus
1052 1194 1374 1258 incensam
1409 1193 1690 1257 iactastis
1726 1204 1937 1257 mente
1972 1194 2252 1278 puellam

721 1289 1017 1352 fluctibus
1051 1287 1116 1351 in
1152 1287 1317 1350 flavo
1354 1309 1543 1371 saepe
1578 1286 1828 1371 hospite
1866 1286 2318 1371 suspirantem!

722 1392 990 1465 quantos
1026 1382 1134 1445 illa
1168 1381 1311 1445 tulit
1344 1380 1673 1465 languenti
1710 1380 1898 1444 corde
1935 1380 2210 1456 timoreS,

584 1497 689 1552 100
722 1498 914 1560 quam
951 1486 1087 1539 tum
1124 1496 1312 1558 saepe
1347 1474 1551 1559 magis
1587 1474 1836 1538 fulvore
1873 1474 2179 1558 expalluit
2213 1475 2372 1552 auri,

722 1592 867 1634 cum
903 1591 1164 1634 saevum
1202 1568 1462 1653 cupiens
1498 1578 1718 1631 contra
1753 1568 2136 1633 contendere
2174 1581 2524 1632 monstrum

721 1674 832 1728 aut
865 1674 1132 1728 mortem
1168 1672 1495 1747 oppeteret
1529 1662 1818 1727 Theseus
1856 1672 1967 1725 aut
2000 1663 2281 1746 praemia
2314 1662 2543 1727 laudis.

721 1780 849 1822 non
882 1758 1133 1841 ingrata
1167 1755 2066 1854 tameqffqsgra'ffiunuscula
2096 1756 2263 1820 >divis

720 1852 1093 1938 promittens
1129 1851 1319 1915 tacito
1356 1843 1823 1938 sneeepit‘vota
1857 1848 2108 1913 labello.

588 1964 690 2018 105
725 1970 872 2010 nam
911 1946 1085 2009 velut
1119 1945 1184 2008 in
1221 1965 1467 2007 summo
1504 1943 1891 2025 quatientem
1927 1944 2224 2007 bracchia
2258 1944 2475 2008 Tauro

724 2061 1028 2123 quercum
1065 2050 1174 2102 aut
1211 2038 1573 2123 conigeram
1610 2036 1865 2101 sudanti
1902 2037 2132 2114 cortice
2168 2038 2390 2122 pinum

722 2134 1064 2198 indomitus
1099 2131 1286 2195 turbo
1324 2142 1745 2212 contorquens
1780 2130 2035 2194 flamine
2069 2131 2267 2222 robur
2492 2185 2612 2250 μμ,

725 2228 888 2293 eruit
923 2227 1056 2305 (illa
1091 2225 1875 2384 procukfflffiiuzffixsgur
1962 2235 1983 2287 t
2059 2242 2063 2247 ·
2093 2274 2176 2309 ευ
2230 2225 2428 2316 {422‘24'1

724 2344 925 2408 prona
960 2321 1146 2395 cadit,
1183 2320 1309 2383 late
1343 2341 1472 2401 qna
1534 2317 1535 2320 ’
1627 2319 2516 2404 Δ,ιὴῳμςξχιιει-ΩΙΜἀει-,ὲιιιιὲειίε),
2605 2363 2608 2366 1

588 2419 692 2487 110
725 2416 816 2480 sic
853 2414 1089 2478 domito
1126 2435 1386 2477 saevum
1423 2412 1762 2496 prostravit
1796 2405 2059 2496 corpore
2095 2413 2384 2478 Theseus

723 2508 1110 2593 nequiquam
1146 2506 1326 2574 vanis
1361 2507 1701 2569 iactantem
1738 2527 1975 2569 cornua
2010 2506 2233 2571 ventis.

723 2604 871 2668 inde
908 2602 1133 2688 pedem
1171 2618 1386 2684 sospes
1424 2600 1625 2664 multa
1659 2623 1803 2664 cum
1840 2600 2029 2665 laude
2066 2601 2311 2666 reflexit

726 2697 1082 2763 errabunda
1117 2715 1343 2779 regens
1379 2695 1553 2758 tenui
1589 2694 1856 2778 vestigia
1890 2694 2017 2770 filo,

725 2815 806 2857 ne
840 2789 1252 2874 labyrintheis
1288 2812 1323 2853 e
1359 2788 1629 2852 flexibus
1667 2787 2093 2872 egredientem

589 2901 692 2956 115
727 2885 874 2949 tecti
910 2884 1317 2947 frustraretur
1350 2882 1830 2946 inobservabilis
1868 2866 2138 2958 (ἐκτομῇ)

729 2979 841 3044 sed
876 2977 1029 3061 quid
1066 2998 1184 3062 ego
1221 3001 1260 3040 a
1294 2977 1498 3060 primo
1536 2977 1857 3061 digressus
1894 2976 2169 3039 carmine
2204 2977 2388 3060 plura

730 3093 1233 3144 commemorem,
1269 3081 1341 3132 ut
1374 3071 1670 3152 linquens
1703 3069 2005 3155 genitoris
2041 3070 2170 3134 filia
2204 3071 2471 3147 vultum,

727 3177 801 3231 ut
835 3164 1339 3249 consanguineae
1376 3164 1775 3248 conplexum,
1812 3176 1886 3227 ut
1919 3163 2191 3246 denique
2226 3165 2466 3240 matriS,
2507 3212 2516 3249 ξ
2581 3222 2588 3230 .

593 3369 694 3423 120
728 3353 1021 3418 omnibus
1055 3352 1152 3415 his
1189 3351 1420 3415 Thesei
1457 3342 1709 3414 dulc‘gm
1743 3350 2131 3436 praeoptarit
2168 3373 2470 3428 amorem,

729 3459 838 3512 aut
871 3461 942 3512 ut
977 3458 1156 3512 vecta
1190 3445 1310 3509 rati
1345 3468 1645 3530 spumosa
1679 3446 1761 3509 ad
1796 3447 1980 3511 litora
2014 3446 2182 3511 Diae

727 3542 988 3617 venerit,
1025 3551 1135 3604 aut
1169 3552 1241 3604 ut
1275 3563 1413 3604 eam
1453 3540 1808 3604 devinctam
1844 3540 2083 3604 lumina
2117 3561 2346 3604 somno

725 3636 979 3718 liquerit
1012 3634 1339 3697 inmemori
1377 3634 1707 3698 discedens
1742 3644 1994 3718 pectore
2030 3634 2344 3713 coniunx?

729 3753 918 3813 saepe
953 3729 1123 3792 illam
1163 3726 1498 3813 perhibent
1531 3728 1775 3792 ardenti
1811 3727 1999 3791 corde
2035 3728 2350 3792 furentem

591 3837 694 3891 125
729 3824 1068 3886 clarisonas
1104 3821 1232 3885 imo
1269 3821 1508 3885 fudisse
1547 3824 1870 3913 effectore
1907 3842 2115 3896 voceS,

728 3939 803 3981 ac
839 3926 970 3978 tum
1008 3924 1380 3999 praeruptos
1417 3915 1659 3979 tristem
1696 3915 2120 3979 conscendere
2155 3925 2420 3990 montes,

726 4010 896 4074 unde
933 4010 1133 4072 aciem
1165 4009 1230 4072 in
1267 4009 1477 4094 pelagi
1513 4019 1725 4073 vastos
1761 4010 2162 4094 protenderet
2198 4019 2430 4084 aestus,

727 4115 861 4166 tum
898 4103 1147 4167 tremuli
1186 4103 1334 4167 salis
1372 4102 1668 4167 adversas
1703 4125 2072 4188 procurrere
2107 4103 2172 4165 in
2209 4101 2413 4167 undas

724 4196 939 4262 mollia
972 4197 1247 4261 nudatae
1283 4197 1603 4263 tollentem
1637 4198 1917 4282 tegmina
1954 4219 2158 4274 surae,

3009 3140 3022 3169 ,ι’

2684 3220 2716 3237 .-
2746 3198 2802 3235 ff*-
2852 3168 3002 3223 VV'*

728 3282 891 3344 quae
927 3259 1156 3322 misera
1190 3257 1255 3320 in
1291 3268 1484 3340 gnata
1519 3256 2361 3350 ergpdita‘'laertabatfflwffl
2428 3249 2528 3315 ὀμ),
2559 3236 2590 3359 ᾗ
2637 3238 2728 3275 212„
