3225 5171
656 440 844 487 XXXVI
1514 446 1713 487 PROLE
1718 444 1971 486 GOMENA

657 585 704 622 c.
742 564 865 622 LII
899 581 1133 642 quoque
1168 562 1351 621 altero
1397 570 1527 623 utro
1573 563 1781 622 horum
1828 582 2117 621 annorum
2162 565 2443 641 scriptum
2488 565 2579 622 sit.
2650 564 2835 642 priori

655 657 852 707 autem
889 668 964 707 ne
1000 668 1134 706 cum
1168 648 1478 708 Schwabio
1513 669 1570 726 p.
1598 649 1679 706 43
1718 648 2103 708 attribuamus
2139 650 2269 726 ipsa
2294 650 2523 709 Vatinii
2556 658 2835 728 praetura

654 733 915 812 impedit.
986 735 1263 791 nimirum
1305 741 1430 791 tum
1479 735 1658 792 etiam
1701 735 1980 793 Vatinius
2033 733 2275 793 sedebat
2325 736 2389 793 in
2433 733 2579 793 sella
2623 734 2829 806 curuli,

653 837 847 897 neque
880 816 948 876 id
980 826 1154 896 poeta
1200 817 1273 876 de
1311 819 1432 877 solo
1469 820 1667 878 Nonio
1713 818 1908 878 dicere
1950 820 2035 877 ita
2075 825 2306 897 poterat
2350 826 2417 876 ut
2457 821 2832 895 magistratui

654 904 729 963 ab
766 904 879 962 hoc
911 911 1076 979 gesto
1113 903 1375 961 futurum
1411 903 1653 963 alterius
1702 903 2068 962 consulatum
2114 911 2448 982 opponeret.
2518 906 2718 982 itaque
2752 903 2832 962 ad

654 1009 875 1049 annum
916 989 1112 1066 potius
1151 984 1379 1065 700s54
1417 987 1787 1062 deducimur,
1835 991 1931 1046 cui
1979 1009 2026 1047 c.
2063 988 2185 1047 LII
2228 990 2347 1047 iam
2393 1009 2430 1046 a
2462 989 2828 1048 Mommseno

650 1073 688 1134 1.
738 1095 785 1133 c.
831 1073 1207 1149 adsignatum
1255 1081 1356 1133 est.
1425 1073 1538 1133 hoc
1581 1076 1764 1151 igitur
1806 1093 1962 1132 anno
2007 1074 2273 1132 Nonium
2316 1073 2694 1132 statuendum
2738 1082 2831 1133 est

652 1159 842 1218 curuli
875 1160 1224 1235 magistratu
1251 1157 1519 1217 functum
1549 1177 1693 1231 esse,
1729 1177 1840 1218 nec
1866 1157 2315 1236 inprobabiliter
2341 1157 2685 1217 Schwabius
2712 1158 2749 1216 1.
2779 1180 2826 1218 c.

654 1263 789 1304 eum
823 1251 948 1302 tum
985 1263 1120 1303 cum
1153 1244 1431 1304 Vatinius
1465 1263 1571 1322 per
1605 1243 1976 1302 consulatum
2011 1245 2327 1322 perieraret
2372 1243 2622 1302 aedilem
2661 1263 2828 1302 curu-

649 1329 768 1389 lem
811 1327 994 1388 fuisse
1037 1330 1304 1401 coniecit,
1359 1330 1409 1386 si
1458 1328 1698 1407 quidem
1752 1328 1925 1387 homo
1972 1349 2008 1385 a
2053 1326 2289 1387 Catullo
2343 1336 2827 1387 commemoratus

648 1413 882 1473 Nonius
934 1413 1037 1472 ille
1078 1411 1382 1492 Asprenas
1435 1421 1522 1472 est
1564 1414 1668 1492 qui
1715 1433 1766 1472 a.
1817 1407 2041 1490 708s46
2096 1413 2411 1491 proconsul
2454 1415 2579 1472 sive
2630 1415 2827 1491 potius

646 1505 991 1578 propraetor
1025 1505 1163 1557 ante
1197 1517 1460 1578 pugnam
1496 1497 1574 1557 ad
1599 1498 1907 1576 Thapsum
1944 1499 2310 1556 commissam
2341 1518 2377 1555 a
2404 1497 2658 1557 Caesare
2694 1517 2827 1557 cum

646 1583 985 1661 legionibus
1020 1581 1247 1642 duabus
1285 1585 1488 1642 castris
1523 1583 1817 1663 praesidio
1852 1582 2090 1642 relictus
2119 1590 2207 1641 est
2234 1581 2312 1658 (v.
2339 1582 2478 1642 bell.
2506 1581 2695 1642 Afric.
2727 1585 2825 1642 80.

648 1668 803 1727 conf.
832 1667 1178 1728 Schwabius
1212 1689 1269 1748 p.
1303 1669 1381 1726 36
1413 1688 1455 1727 S.
1482 1669 1925 1728 Wehrmannus
1960 1666 2091 1726 fast.
2119 1674 2302 1746 praet.
2333 1688 2389 1745 p.
2424 1669 2499 1724 79
2532 1663 2619 1740 s.).
2676 1675 2826 1727 cete-

646 1773 780 1811 rum
804 1771 1022 1812 nomen
1049 1753 1210 1832 quod
1236 1761 1324 1812 est
1349 1764 1564 1812 struma
1587 1755 1717 1812 veri
1746 1753 1935 1812 simile
1962 1760 2050 1811 est
2076 1773 2197 1811 non
2223 1751 2413 1811 solum
2440 1752 2518 1811 ad
2542 1753 2823 1826 Nonium,

646 1857 855 1897 verum
893 1840 1069 1897 etiam
1106 1838 1183 1897 ad
1208 1839 1514 1899 Vatinium
1542 1841 1853 1919 pertinere,
1891 1832 2065 1916 quem
2095 1837 2298 1897 eodem
2335 1837 2491 1896 malo
2526 1836 2825 1898 laborasse

537 1957 540 1961 ·
645 1922 888 1983 aliunde
942 1931 1169 1982 constat
1222 1921 1301 2000 (v.
1338 1923 1456 1983 loci
1501 1945 1538 1982 a
1579 1925 1931 1982 Drumanno
1960 1924 2050 1995 ·V‚
2098 1943 2153 2001 p.
2201 1923 2341 1995 683,
2389 1943 2444 1980 n.
2494 1922 2572 1979 23
2620 1925 2743 1982 sive
2790 1944 2827 1982 a

645 2007 957 2068 Schwabio
1019 2029 1075 2087 p.
1132 2008 1210 2066 35
1277 2006 1558 2085 collecti),
1620 2006 1973 2087 videturque
2034 2008 2323 2067 acerbitas
2386 2009 2824 2085 epigrammatis

646 2096 823 2152 etiam
874 2095 939 2151 in
993 2093 1378 2172 conponendo
1432 2096 1543 2154 isto
1595 2096 1726 2173 pari
1785 2093 2093 2151 hominum
2154 2098 2573 2151 strumoSorum
2632 2095 2826 2170 posita

645 2196 790 2238 esse.

773 2263 993 2338 Iurgiis
1031 2261 1255 2321 Catulli
1292 2282 1425 2320 cum
1462 2261 1716 2322 Caesare
1752 2265 1995 2341 eiusque
2038 2262 2501 2322 adsectatoribus
2538 2265 2823 2321 enarratis

645 2349 846 2405 statim
881 2347 1145 2407 subicere
1173 2347 1369 2426 placet
1396 2366 1547 2424 quae
1583 2347 1659 2407 de
1684 2350 1829 2406 rixis
1858 2349 2300 2425 inimicitiisque
2334 2354 2544 2426 poetae
2571 2347 2825 2406 dicenda

642 2439 881 2490 restant.
953 2431 1247 2490 ordiemur
1290 2439 1488 2490 autem
1532 2452 1583 2489 a.
1632 2452 1679 2489 c.
1723 2431 2017 2504 XCVIII,
2064 2431 2225 2511 quod
2270 2441 2329 2490 et
2371 2434 2568 2511 ipsum
2611 2432 2689 2491 ad
2729 2451 2822 2492 res

643 2516 913 2596 publicas
948 2516 1155 2576 referri
1189 2516 1494 2595 probabile
1530 2525 1635 2576 est.
1699 2519 1803 2575 vix
1839 2519 1994 2575 enim
2033 2516 2367 2576 dubitamus
2403 2518 2663 2596 priorum
2698 2537 2824 2576 sae-

643 2601 907 2661 culorum
943 2604 1087 2661 viris
1122 2623 1243 2661 non
1280 2602 1461 2661 nullis
1496 2604 1789 2680 primariis
1826 2603 2107 2661 adsentiri
2142 2605 2245 2682 qui
2279 2603 2348 2661 L.
2384 2603 2574 2662 Vettii
2609 2604 2820 2681 equitis

645 2689 995 2763 cognomine
1042 2687 1307 2747 ‘indicis'
1363 2688 1590 2759 famosi,
1649 2687 1721 2747 de
1767 2708 1881 2766 quo
1937 2688 2088 2746 conf.
2132 2687 2451 2745 Haakhius
2495 2690 2558 2747 in
2602 2687 2821 2765 Paulyi

644 2772 946 2851 encyclop.
964 2774 1073 2846 VI,
1108 2776 1161 2846 2,
1195 2795 1248 2852 p.
1281 2773 1448 2831 2530
1474 2792 1516 2831 s.
1547 2779 1605 2831 et
1622 2773 2007 2831 Drumannus
2034 2774 2166 2831 hist.
2191 2774 2361 2832 Rom.
2390 2772 2476 2845 II,
2505 2774 2705 2851 p..234
2727 2792 2817 2844 ss.,

640 2857 910 2934 linguam
953 2857 1296 2917 mendacem
1342 2878 1413 2916 ac
1455 2858 1731 2917 venalem
1773 2857 1873 2916 hic
1918 2859 2194 2934 castigari
2240 2865 2608 2917 censuerunt.
2679 2877 2819 2916 nam

640 2962 747 3021 pro
785 2943 1106 3022 depravato
1143 2943 1247 3003 illo
1296 2945 1461 3015 Victi,
1498 2943 1658 3021 quod
1696 2943 1926 3002 codices
1963 2945 2148 3001 nostri
2183 2942 2484 3015 exhibent,
2521 2941 2684 3001 facili
2720 2960 2818 3001 ne·

641 3030 802 3103 gotio
859 3031 1008 3086 Vetti
1058 3030 1383 3087 restituitur
1443 3025 1621 3102 (conf.
1686 3028 1882 3087 adnot.
1947 3025 2115 3103 crit).
2204 3035 2617 3105 argumentum
2677 3045 2818 3086 vero

642 3114 1080 3189 epigrammatis
1116 3115 1180 3170 in
1216 3112 1474 3171 indicem
1518 3113 1697 3170 istum
1743 3115 1962 3192 optime
1997 3111 2262 3191 quadrat.
2310 3111 2461 3171 conf.
2508 3114 2572 3171 in
2617 3113 2816 3190 primis

643 3196 764 3255 Cic.
785 3217 864 3256 or.
884 3199 946 3254 in
965 3197 1164 3255 Vatin.
1187 3195 1220 3270 ἓ
1241 3197 1353 3254 24:
1385 3196 1495 3255 ‘ibi
1515 3203 1581 3254 tu
1609 3197 1868 3256 indicem
1886 3198 2151 3256 Vettium
2177 3197 2499 3274 linguam
2526 3207 2585 3256 et
2612 3216 2817 3256 vocem

641 3302 807 3339 suam
853 3281 1058 3340 sceleri
1110 3288 1168 3340 et
1211 3283 1396 3340 menti
1440 3290 1575 3341 tuae
1628 3283 1910 3361 praebere
1963 3282 2237 3341 voluisti.’
2309 3301 2614 3361 perperam
2659 3283 2816 3341 enim

638 3365 907 3424 iudicant
939 3368 1044 3445 qui
1076 3365 1383 3444 loquacem
1416 3365 1713 3427 hominem
1748 3369 1813 3426 in
1847 3375 2045 3426 nostro
2074 3369 2331 3427 carmine
2365 3369 2559 3425 notari
2585 3374 2810 3447 putant.

638 3453 816 3509 immo
862 3472 914 3510 v.
954 3454 990 3508 2
1031 3449 1393 3511 demonstrat
1436 3469 1570 3509 eum
1615 3454 1718 3531 qui
1763 3472 1800 3510 a
1846 3451 2080 3511 Catullo
2126 3451 2510 3531 compellatur
2550 3454 2616 3511 in
2660 3451 2817 3511 ‘ver—

638 3536 822 3595 bosis’
859 3544 918 3596 et
955 3536 1186 3596 ‘fatuis’
1223 3557 1345 3596 non
1389 3535 1584 3596 fuisse.
1658 3536 1817 3616 quod
1853 3558 1984 3596 cum
2027 3539 2112 3595 ita
2155 3540 2248 3611 sit,
2295 3539 2358 3596 in
2392 3557 2446 3595 v.
2487 3536 2523 3594 5
2569 3537 2816 3597 verbum

636 3621 798 3699 quod
844 3629 930 3681 est
975 3624 1216 3698 perdere
1260 3641 1381 3681 non
1424 3629 1616 3700 potest
1658 3624 1774 3681 nisi
1825 3624 2061 3702 proprie
2114 3622 2336 3683 dictum
2389 3640 2533 3681 esse.
2605 3624 2722 3680 iam
2764 3623 2816 3680 si

636 3716 793 3766 recte
828 3707 942 3766 hoc
979 3708 1342 3786 epigramma
1377 3706 1457 3766 ad
1489 3708 1754 3767 Vettium
1791 3706 2048 3767 indicem
2091 3709 2384 3787 pertinere
2428 3709 2811 3778 existimatur,

635 3791 799 3850 haud
834 3792 1012 3852 dubie
1049 3814 1100 3851 a.
1132 3789 1358 3870 695s59
1391 3796 1674 3871 scriptum
1711 3800 1815 3866 est,
1853 3813 1969 3871 quo
2006 3792 2109 3852 ille
2144 3793 2481 3872 inpellente,
2519 3799 2585 3850 ut
2617 3810 2818 3849 rumor

633 3885 772 3949 erat,
811 3876 1065 3937 Caesare
1101 3878 1340 3937 consule
1381 3877 1596 3937 multos
1635 3896 1709 3936 ex
1754 3878 2134 3956 optimatibus
2179 3879 2242 3936 in
2288 3878 2683 3956 suspicionem
2728 3876 2816 3933 in-

634 3962 916 4021 sidiarum
961 3963 1244 4041 Pompeio
1291 3971 1631 4042 paratarum
1684 3962 1978 4023 adducere
2032 3964 2355 4041 temptavit.
2429 3980 2539 4020 nec
2594 3960 2814 4020 diutius

631 4049 786 4105 vixit
813 4047 1063 4120 Vettius,
1103 4047 1207 4107 sed
1241 4047 1447 4109 eodem
1483 4050 1661 4108 etiam
1698 4069 1853 4107 anno
1891 4048 2044 4107 clam
2077 4050 2140 4106 in
2169 4064 2402 4106 carcere
2428 4048 2813 4125 interemptus

631 4142 736 4191 est.
810 4131 985 4192 facile
1021 4141 1110 4192 est
1144 4141 1342 4193 autem
1385 4133 1463 4192 ad
1507 4132 1864 4193 credendum
1902 4132 2201 4193 Catullum
2249 4151 2366 4190 uno
2414 4150 2491 4189 ex
2536 4134 2621 4191 eis
2666 4150 2813 4209 quos

628 4225 753 4277 tum
771 4219 1003 4278 Vettius
1024 4227 1089 4277 ut
1109 4218 1281 4280 fictae
1301 4220 1724 4279 coniurationis
1748 4221 2064 4298 participes
2095 4218 2426 4278 nominavit
2443 4215 2816 4274 familiariter
