3225 5171
716 439 914 479 XLVIII
1583 434 2039 478 PROLEGOMBNA

716 555 994 615 heredem
1050 553 1189 612 dare
1244 561 1523 632 cuperet,·
1552 571 1746 632 neque
1799 552 1905 611 alii
1957 551 2253 631 quondam
2294 555 2535 614 Brixiae
2587 554 2904 617 defuerant

710 644 825 722 qui
869 662 1001 700 cum
1041 639 1286 704 muliere
1330 658 1454 698 rem
1505 638 1817 698 haberent:
1869 641 2218 698 nominatim
2270 639 2615 699 adferuntur
2665 643 2899 702 moechi

719 731 847 786 eius
889 726 1224 784 Postumius
1270 723 1510 803 quidam
1563 731 1623 783 et
1672 722 1997 797 Cornelius,
2053 727 2258 783 tertius
2301 727 2387 783 ita
2440 724 2788 785 describitur
2829 734 2898 786 ut

718 809 1180 889 Transpadanos
1234 808 1457 868 Catulli
1506 808 1783 888 aequales
1835 811 1966 887 quis
2026 809 2470 886 intellegeretur
2529 810 2712 871 latere
2774 832 2899 871 non

716 899 988 977 potuerit.
1058 895 1206 954 haec
1241 897 1440 953 omnia
1481 903 1659 973 poeta
1691 896 1931 952 ianuam
1967 912 2044 953 ex
2088 915 2189 954 ore
2230 897 2416 972 ipsius
2453 893 2728 956 dominae
2761 896 2902 956 sub-

708 986 896 1041 missa
928 1000 1075 1040 voce
1111 1000 1244 1039 cum
1279 979 1512 1038 ancillis
1549 978 1624 1039 de
1658 978 1903 1056 flagitiis
1948 982 2067 1038 suis
2113 978 2548 1039 confabulantis
2595 980 2898 1041 audivisse

718 1067 909 1143 fingit.
960 1069 1081 1123 iam
1117 1068 1221 1144 qui
1259 1063 1558 1124 Catullum
1591 1063 1745 1123 bene
1777 1067 1948 1123 novit
1983 1067 2087 1122 vix
2123 1063 2419 1124 dubitabit
2452 1068 2598 1144 quin
2632 1069 2702 1138 is,
2738 1073 2900 1144 post-

714 1172 895 1231 quam
930 1153 1057 1229 ipse
1089 1153 1266 1208 istam
1299 1149 1603 1209 mulierem
1637 1153 1950 1227 temptavit
1993 1149 2068 1207 ab
2115 1168 2301 1228 eaque
2336 1158 2563 1228 spretus
2607 1158 2711 1223 est,
2758 1171 2896 1210 con-

713 1235 990 1316 ponendo
1024 1238 1185 1313 turpi
1228 1234 1341 1293 hoc
1385 1234 1675 1313 colloquio
1721 1233 2104 1310 cupiditatem
2146 1235 2388 1294 ultionis
2431 1234 2774 1312 expleverit.
2808 1267 2896 1277 —-·

709 1343 850 1381 cum
886 1321 1180 1381 amoribus
1215 1326 1426 1398 poetae
1461 1322 1639 1378 etiam
1668 1339 1715 1377 0.
1745 1318 1897 1378 ΟΙΙΙ
1933 1319 2218 1392 cohaeret,
2257 1321 2619 1397 epigramma
2650 1323 2716 1379 in
2742 1319 2895 1380 Silo-

710 1426 854 1466 nem
886 1406 1163 1464 lenonem
1199 1407 1494 1481 scriptum,
1533 1402 1692 1482 quod
1726 1403 1907 1462 verbo
1942 1406 2208 1480 tetigisse
2244 1408 2385 1462 satis
2423 1413 2525 1463 est.

841 1491 1131 1550 Homines
1167 1510 1204 1547 a
1233 1487 1465 1547 Catullo
1500 1489 1768 1548 versibus
1801 1491 2014 1547 inrisos
2042 1496 2144 1547 aut
2170 1493 2489 1567 proscissos
2516 1497 2746 1551 tantum
2771 1511 2891 1551 non

715 1595 918 1636 omnes
952 1577 1410 1653 percensuimus,
1445 1577 1946 1653 paucissimosque
1981 1577 2086 1652 qui
2119 1581 2343 1632 restant
2376 1578 2570 1653 aptius
2603 1597 2726 1635 una
2759 1596 2892 1635 cum

714 1664 920 1720 amicis
954 1668 1181 1739 poetae,
1219 1658 1296 1717 ad
1332 1679 1477 1737 quos
1518 1663 1640 1717 iam
1681 1658 2095 1738 progredimur
2138 1658 2512 1737 disputandO,
2552 1680 2894 1720 commemo·

710 1747 991 1805 rabimus.
1044 1747 1110 1803 in
1143 1743 1467 1823 eademque
1500 1752 1667 1822 parte
1701 1747 1879 1803 etiam
1915 1743 1989 1802 de
2024 1743 2250 1803 duabus
2282 1743 2497 1823 puellis
2526 1745 2718 1805 adhuc
2747 1767 2894 1806 non-

716 1830 858 1890 dum
883 1829 1145 1909 prolatiS,
1175 1850 1308 1888 cum
1335 1830 1548 1908 quibus
1569 1828 1802 1890 Catullo
1830 1823 2195 1907 aliquamdiu
2221 1848 2362 1888 usus
2389 1828 2517 1903 fuit,
2545 1829 2889 1891 brevissime

711 1919 1077 1975 mentionem
1110 1914 1412 1975 faciemus
1485 1923 1740 1974 ceterum
1774 1914 1934 1973 haud
1969 1935 2159 1992 pauca
2194 1933 2393 1973 eorum
2429 1934 2580 1994 quae
2614 1916 2731 1975 huc
2763 1936 2894 1996 per-

711 2004 907 2062 tinent
943 2021 1136 2080 supra,
1173 2000 1278 2059 ubi
1311 2019 1405 2060 res
1441 1998 1684 2072 ferebat,
1727 2003 2150 2079 praecepimus.

841 2087 1110 2145 Primum
1152 2085 1433 2144 Flavium
1485 2084 1782 2164 quendam
1834 2086 2206 2162 attingimus,
2261 2104 2436 2163 quem
2487 2105 2712 2145 amores
2755 2105 2888 2145 suos

710 2171 1003 2230 celantem
1037 2177 1212 2250 poeta
1239 2190 1286 2228 0.
1310 2171 1400 2245 VI
1427 2172 1614 2229 amice
1651 2169 1961 2229 cavillatus
1997 2177 2101 2228 est.
2154 2170 2253 2227 hic
2281 2172 2411 2248 quis
2446 2169 2625 2229 fuerit
2658 2173 2890 2247 ignora-

708 2265 825 2314 tur.
897 2273 1090 2334 neque
1127 2257 1316 2330 magis
1353 2262 1526 2313 notus
1564 2253 1886 2328 Camerius,
1936 2274 2110 2334 quem
2146 2254 2249 2312 diu
2283 2273 2391 2332 per
2423 2254 2629 2314 urbem
2664 2258 2891 2334 quaesi-

710 2347 841 2398 tum
883 2359 994 2398 nec
1046 2341 1354 2398 inventum
1400 2339 1672 2398 Catullus
1724 2342 1918 2399 iocoso
1973 2341 2233 2398 carmine
2274 2339 2389 2398 LV
2433 2339 2774 2399 exhortatur
2823 2347 2890 2398 ut

709 2425 819 2484 ubi
851 2424 1093 2483 tandem
1127 2424 1310 2483 lateat
1344 2424 1456 2483 sibi
1484 2423 1808 2497 denuntiet,
1846 2443 2058 2502 cupere
2086 2427 2244 2483 enim
2272 2443 2399 2483 sese
2425 2444 2681 2484 amorem
2717 2445 2888 2484 suum

706 2511 779 2568 in
823 2527 1091 2568 sermone
1138 2511 1194 2567 ei
1245 2527 1555 2587 exponere.
1628 2508 1780 2567 conf.
1827 2509 1963 2568 adn.
2011 2511 2136 2567 crit.
2188 2509 2275 2567 ibi
2318 2529 2452 2566 cum
2495 2531 2550 2569 v.
2599 2512 2634 2568 6
2679 2512 2890 2587 Magni

710 2594 1037 2654 ambulatio
1072 2602 1569 2668 commemoretur,
1606 2596 1647 2655 i.
1677 2614 1726 2654 e.
1762 2597 2021 2673 porticus
2055 2594 2271 2655 theatri
2298 2615 2333 2653 a
2358 2595 2643 2673 Pompeio
2677 2599 2889 2655 iterum

704 2680 953 2739 consule
1006 2679 1393 2752 exaedificati,
1447 2679 1696 2758 adparet
1748 2679 1858 2739 1100
1911 2698 2146 2738 carmen
2199 2687 2337 2738 ante
2389 2699 2611 2740 annum
2658 2677 2883 2761 699s55

712 2774 1040 2826 extremum
1075 2765 1254 2824 scribi
1287 2786 1410 2823 non
1443 2767 1719 2843 potuisse,
1754 2764 2255 2844 probabiliterque
2290 2766 2626 2844 insequenti
2653 2765 2887 2825 demum

708 2871 870 2910 anno
899 2852 1179 2929 scriptum
1207 2858 1310 2924 est,
1348 2850 1602 2929 quando,
1641 2872 1783 2909 num
1809 2853 1972 2928 prius
1999 2852 2255 2928 porticus
2282 2870 2318 2907 a
2344 2850 2628 2928 Pompeio
2655 2850 2885 2910 theatro

706 2936 946 2995 adiecta
995 2935 1202 3015 populi
1252 2938 1386 2995 usui
1436 2938 1718 3014 patuerit,
1783 2935 2041 2995 dubitari
2093 2935 2248 2994 licet.
2326 2934 2468 2993 hinc
2528 2935 2889 3013 intellegitur

712 3041 972 3081 amorem
1024 3024 1190 3080 cuius
1236 3020 1504 3080 Catullus
1555 3024 1621 3080 in
1672 3021 1792 3081 fine
1841 3022 2121 3100 poematii
2165 3019 2500 3080 Camerium
2541 3022 2887 3100 participem

703 3124 842 3166 esse
885 3104 1016 3164 vult
1065 3104 1231 3164 nullo
1283 3105 1457 3165 modo
1509 3125 1683 3184 posse
1734 3106 1810 3165 ad
1862 3105 2143 3165 Lesbiam
2194 3104 2417 3165 referri.
2488 3125 2600 3165 nec
2651 3109 2884 3165 0111111110

713 3190 877 3249 aliud
910 3192 1080 3249 istius
1116 3190 1369 3249 foederis
1395 3193 1713 3266 vestigium
1748 3194 1811 3250 in
1840 3210 2080 3271 corpore
2108 3193 2433 3250 carminum
2459 3191 2630 3250 nobis
2657 3199 2885 3251 servato

709 3277 855 3334 insit
897 3293 1134 3335 necesse
1178 3282 1282 3333 est.
1351 3282 1414 3333 at
1455 3275 1607 3333 nihil
1652 3276 1846 3335 obstat
1889 3279 2033 3356 quin
2079 3297 2211 3335 cum
2255 3275 2623 3354 Westphalio
2670 3297 2725 3356 p.
2764 3277 2881 3334 225

703 3360 789 3419 de
841 3378 912 3419 ea
962 3359 1308 3419 muliercula
1359 3362 1681 3436 cogitemus
1734 3364 1827 3419 cui
1876 3369 2053 3440 poeta
2106 3382 2155 3420 c.
2199 3361 2458 3420 XXXII
2513 3364 2545 3418 1
2602 3361 2886 3421 blandum

710 3464 929 3505 nomen
963 3444 1254 3523 Ipsitillae
1297 3465 1334 3504 a
1375 3463 1523 3504 voce
1565 3450 1712 3521 ipsa,
1756 3448 1798 3505 i.
1834 3466 1882 3506 e.
1930 3446 2243 3520 ‘domina‘,
2290 3447 2603 3505 formatum
2648 3446 2883 3519 indidit,

708 3538 831 3605 aut,
876 3532 927 3589 si
969 3532 1176 3603 mavis,
1232 3529 1306 3589 de
1351 3530 1660 3589 Postumia
1701 3533 1815 3590 ista
1859 3551 2011 3611 quae
2054 3533 2119 3590 in
2162 3533 2420 3591 carmine
2460 3531 2713 3591 XXVII
2758 3551 2886 3609 pro-

704 3614 880 3676 fusae
913 3614 1229 3674 hilaritatis
1262 3614 1440 3695 pleno
1476 3623 1542 3674 ut
1574 3616 1821 3677 bibendi
1853 3620 2140 3694 magistra
2175 3616 2427 3677 ‘ebrioso
2464 3616 2664 3676 acino'
2702 3616 2885 3675 ebrio-

700 3702 830 3759 ·0101·
864 3701 1132 3760 infertur.
1170 3733 1253 3742 --
1287 3704 1589 3780 pergimus
1625 3702 1703 3761 ad
1729 3702 2054 3762 Veranium
2091 3710 2150 3761 et
2180 3700 2517 3772 Fabullum,
2557 3701 2885 3759 familiaris-

698 3788 888 3845 ·simos
917 3786 1156 3858 Catulli,
1194 3785 1268 3845 de
1304 3787 1518 3865 quibus
1553 3806 1706 3867 quae
1742 3789 1869 3846 erui
1900 3794 2146 3866 possunt
2181 3807 2218 3845 a
2252 3786 2607 3846 carminibus
2634 3785 2730 3844 IX
2756 3785 2884 3843 XII

707 3869 875 3928 XIII
909 3870 1198 3931 XXVIII
1230 3871 1474 3931 XLVII
1508 3873 1761 3951 petenda
1797 3880 1950 3932 sunt.
2008 3874 2191 3949 igitur
2225 3890 2258 3931 e
2293 3873 2566 3930 carminis
2600 3870 2884 3931 XXVIII

698 3953 952 4015 exordio
989 3955 1193 4014 ambos
1228 3959 1292 4014 in
1329 3956 1562 4015 cohorte
1588 3958 1826 4017 Pisonis
1862 3957 2166 4016 cuiusdam
2202 3959 2327 4016 sive
2362 3955 2725 4034 proconsulis
2761 3958 2883 4014 sive

708 4042 1104 4119 propraetoris
1150 4040 1329 4100 fuisse
1372 4042 1749 4118 intellegitur.
1821 4044 2054 4121 scripsit
2098 4047 2293 4100 autem
2344 4040 2505 4099 haud
2551 4040 2728 4100 dubie
2774 4038 2881 4100 Ca-

705 4124 891 4184 tullus
925 4124 1041 4186 hoc
1072 4129 1448 4205 poematium,
1485 4134 1798 4206 postquam
1831 4128 2157 4187 Veranium
2193 4134 2252 4185 et
2284 4125 2604 4185 Fabullum
2642 4144 2717 4185 ex
2751 4145 2881 4204 pro·

694 4211 907 4270 *vincia
941 4210 1020 4270 ad
1063 4231 1197 4271 suos
1239 4211 1461 4273 redisse
1506 4215 1800 4290 cognovit,
1846 4211 1967 4272 sed·
1992 4210 2255 4270 nondum
2298 4210 2373 4270 ab
2417 4213 2561 4290 ipsis
2606 4212 2883 4269 nuntium
