3225 5171
1201 484 1657 530 PROLEGOMENA
1765 513 1773 524 ·
2373 489 2525 529 LXIII

351 625 469 688 que
513 605 718 667 eodem
761 605 961 683 ‘unico
1005 607 1333 683 magistro’,
1377 615 1444 665 ut
1488 606 1774 666 Catonem
1814 605 2139 665 Bibaculus
2182 605 2528 685 adpellavit,

348 713 525 752 usum
559 711 702 765 esse,
741 696 982 770 eiusque
1011 696 1379 751 coniecturae
1404 692 1789 771 probabilitas
1816 697 2065 768 augetur
2092 710 2161 751 eo
2190 690 2348 769 quod
2376 692 2526 752 Cato

348 784 502 837 teste
531 777 813 836 Suetonio
852 796 927 835 ex
956 776 1156 836 Gallia
1184 777 1466 836 oriundus
1502 786 1643 851 erat,
1683 797 1858 856 quam
1891 775 2052 834 haud
2082 774 2261 834 dubie
2296 778 2527 855 cisalpi—

350 883 493 921 nam
528 861 991 939 intellegendam
1028 881 1152 921 esse
1186 870 1344 921 recte
1378 861 1614 921 videtur
1647 862 1868 920 dixisse
1902 860 2170 920 Naekius
2215 860 2294 919 ad
2325 862 2532 921 Valer.

353 945 483 1006 Cat.
526 967 584 1025 p.
631 946 772 1004 255.
843 955 968 1005 erat
1010 949 1214 1023 igitur,
1263 946 1756 1026 quemadmodum
1798 946 2072 1005 Bibaculi
2116 945 2536 1006 Cremonensis

351 1041 412 1091 et
449 1030 696 1105 Cinnae,
740 1039 808 1090 ut
849 1031 1019 1090 nobis
1064 1031 1299 1111 quidem
1342 1031 1590 1105 videtur,
1635 1033 1925 1104 Brixiani,
1971 1032 2054 1089 sic
2100 1032 2276 1090 etiam
2318 1040 2534 1109 poetae

349 1117 714 1176 Veronensis
745 1117 1066 1195 popularis
1139 1125 1315 1195 atque
1350 1120 1503 1176 inter
1538 1121 1799 1176 carmina
1836 1115 2176 1175 Catulliana
2209 1136 2393 1174 unum
2429 1135 2529 1175 ex-

350 1209 456 1274 tat,
493 1202 656 1274 LVI,
694 1201 852 1280 quod
882 1201 1096 1260 Catoni
1124 1202 1356 1260 cuidam
1390 1203 1736 1280 inscriptum
1774 1209 1873 1260 est.
1928 1220 2104 1279 quem
2139 1220 2259 1259 non
2296 1208 2534 1260 cuncta—

354 1306 488 1345 mur
521 1308 652 1345 cum
681 1286 988 1346 Schwabio
1016 1307 1071 1365 p.
1104 1288 1223 1345 306
1255 1306 1328 1346 ss.
1359 1287 1605 1365 aliisque
1632 1307 1737 1365 pro
1775 1287 2155 1362 grammatico
2192 1289 2532 1362 cognomini·

351 1371 588 1431 habere.
665 1390 744 1430 ne
795 1375 928 1450 quis
981 1373 1139 1430 enim
1199 1391 1268 1432 eo
1330 1371 1590 1431 offendat
1642 1371 1801 1450 quod
1853 1370 2152 1430 Catullum
2208 1371 2538 1430 versiculos

355 1457 800 1516 obscenissimes
851 1455 929 1514 ad
971 1465 1408 1535 praeceptorem
1453 1455 1750 1536 quondam
1796 1476 1966 1515 suum
2006 1457 2233 1514 misisse
2291 1456 2531 1517 arbitre-

354 1561 515 1600 mur:
570 1543 990 1620 epigrammata
1041 1543 1212 1600 Furii
1268 1541 1541 1600 Bibaculi
1594 1562 1630 1600 a
1683 1543 1965 1602 Suetonio
2019 1541 2326 1600 nobiscum
2375 1562 2536 1600 com-

355 1628 656 1686 municata
680 1626 982 1686 Valerium
1014 1624 1296 1687 Catonem
1322 1626 1579 1704 produnt
1603 1630 1670 1684 in
1695 1645 1760 1685 re
1793 1624 2073 1684 familiari
2102 1625 2534 1685 dissolutiorem

354 1712 540 1770 fuisse
574 1730 900 1791 parumque
926 1713 1113 1769 vitam
1149 1731 1316 1771 suam
1352 1710 1427 1770 ad
1461 1713 1706 1769 rationis
1741 1731 2009 1770 normam
2037 1709 2351 1784 derexisse,
2389 1731 2529 1790 qua-

353 1795 506 1855 lium
555 1797 862 1855 hominum
915 1795 1106 1876 pudor
1156 1796 1306 1855 solet
1356 1797 1549 1855 minor
1599 1814 1741 1869 esse,
1793 1797 2038 1874 ipseque
2081 1793 2351 1853 Catullus
2396 1816 2536 1855 eum2

358 1900 536 1960 quem
587 1880 923 1960 adloquitur
983 1881 1438 1940 narratiunculis
1491 1882 1763 1960 quamvis
1821 1881 2090 1958 turpibus
2150 1880 2541 1940 vehementer

359 1965 639 2025 delectari
674 1965 987 2043 significat.
1059 1965 1205 2025 Cato
1239 1966 1340 2024 hic
1372 1974 1604 2045 praeter
1638 1968 2049 2042 grammaticos
2082 1962 2314 2023 libellos
2350 1968 2535 2023 etiam

355 2059 629 2129 poemata
679 2053 926 2130 scripsit,
981 2070 1230 2130 quorum
1281 2049 1398 2108 duo
1452 2050 1770 2109 Suetonius
1821 2050 2171 2107 nominatim
2225 2047 2415 2107 adfert
2464 2057 2537 2107 ut

357 2137 673 2214 praecipue
729 2135 994 2214 probata,
1047 2134 1306 2212 Lydiam
1357 2142 1418 2193 et
1458 2134 1721 2193 Dianam
1773 2134 1899 2193 sive
1940 2134 2326 2212 Dictynnam,
2380 2136 2537 2192 sicut

356 2239 487 2279 eam
515 2219 712 2286 Cinna
745 2219 1008 2298 adpellat
1031 2221 1095 2277 in
1122 2219 1477 2278 hexametro.
1531 2218 1605 2278 de
1632 2219 1845 2298 quibus
1871 2220 2160 2297 poematis
2186 2221 2295 2277 etsi
2321 2238 2535 2298 parum

354 2306 528 2364 nobis
570 2304 852 2364 traditum
878 2311 1001 2376 est,
1053 2312 1253 2362 tamen
1295 2305 1454 2381 ipsos
1497 2323 1696 2364 eorum
1746 2302 1945 2363 titulos
1988 2303 2531 2363 Alexandrinorum

353 2396 663 2468 poetarum
699 2388 1153 2461 aemulationem
1187 2388 1432 2467 prodere
1465 2396 1624 2448 recte
1650 2389 1804 2446 dixit
1828 2388 2151 2448 Merkelius
2176 2387 2538 2467 prolusionis

357 2473 437 2533 ad
453 2474 593 2533 Ibin
619 2495 672 2552 p.
695 2475 836 2532 363.
875 2483 932 2532 et
949 2473 1208 2531 Dianam
1228 2473 1466 2553 quidem
1494 2493 1730 2534 carmen
1756 2473 2155 2551 mythologice
2185 2480 2538 2550 argumento-

354 2559 557 2633 fuisse,
607 2561 674 2619 in
717 2578 833 2639 quo
877 2557 1294 2620 reconditiores
1339 2558 1630 2638 quaedam
1676 2558 1749 2618 de
1791 2558 1901 2618 hac
1946 2559 2057 2620 dea
2098 2557 2338 2619 fabulae
2377 2566 2535 2619 trac*-

352 2652 636 2716 tarentur,
680 2653 918 2724 propter
953 2646 1308 2723 exquisitum
1342 2665 1558 2706 nomen
1592 2645 1951 2722 Dictynnae,
1995 2665 2112 2723 quo
2150 2645 2345 2705 Cinna
2387 2664 2529 2703 usus

359 2738 461 2803 est,
499 2730 672 2789 facile
705 2729 942 2789 Naekio
977 2729 1016 2789 1.
1051 2749 1097 2787 c.
1132 2751 1190 2809 p.
1220 2731 1342 2788 272
1381 2729 1687 2790 credimus.
1757 2729 2016 2807 Lydiam
2050 2728 2255 2787 itidem
2293 2729 2533 2788 doctum

357 2835 504 2894 opus
537 2815 718 2875 fuisse
745 2814 961 2874 Ticida
993 2818 1236 2893 insuper
1261 2814 1569 2873 confirmat
1593 2813 1708 2874 hoc
1732 2814 2038 2887 versicu10,
2079 2813 2305 2891 ‘Lydia
2331 2812 2527 2872 docto-

358 2920 490 2958 rum
523 2904 784 2958 maxima
820 2920 960 2959 cura
1001 2899 1184 2959 liber.'
1254 2918 1448 2978 neque
1492 2898 1766 2977 equidem
1800 2896 2003 2957 dubito
2041 2902 2186 2976 quin
2222 2898 2317 2957 hic
2358 2897 2534 2972 liber,

360 2986 628 3044 similiter
677 2992 852 3063 atque
899 2984 1162 3062 Cynthia
1202 2985 1521 3062 Propertii,
1576 3003 1653 3043 ex
1706 2982 2082 3060 conpluribus
2136 2982 2341 3059 elegiis
2393 2996 2530 3042 con‘-

359 3071 588 3142 stiterit,
626 3070 839 3146 quibus
877 3069 1024 3129 Cato
1062 3071 1375 3147 praecipue
1410 3087 1668 3127 amorem
1703 3088 1870 3126 suum
1905 3067 2166 3126 mulieris
2209 3067 2532 3128 celebraret

361 3154 457 3212 cui
485 3171 699 3211 nomen
725 3152 1038 3212 indidisset
1053 3153 1300 3231 Lydiae,
1329 3153 1672 3231 praesertim
1700 3172 1833 3211 cum
1856 3151 2109 3213 Ovidius
2133 3155 2281 3210 trist.
2308 3153 2376 3211 II
2401 3154 2528 3211 436

359 3258 495 3299 eum
528 3239 684 3295 inter
715 3235 938 3296 levium
972 3241 1296 3298 carminum
1323 3241 1738 3296 amatoriorum
1762 3245 2028 3297 auctores
2054 3236 2287 3310 referat,
2326 3245 2534 3317 estque

357 3323 423 3381 id
477 3332 534 3381 et
579 3343 615 3380 a
658 3321 1034 3382 Broukhusio
1087 3323 1164 3381 ad
1206 3322 1469 3401 Propert.
1521 3343 1578 3401 p.
1631 3326 1664 3379 1
1719 3332 1778 3382 et
1830 3323 1905 3381 ab
1959 3322 2091 3381 aliis
2142 3330 2527 3401 perspectum.

360 3406 854 3487 quemadmodum
891 3415 1086 3466 autem
1122 3408 1269 3467 Cato
1313 3410 1376 3465 in
1425 3406 1657 3466 delectu
1699 3416 2175 3483 argumentorum
2216 3426 2536 3486 rerumque

360 3494 707 3551 tractatione
744 3491 1046 3550 doctorum
1079 3500 1386 3571 poetarum
1421 3491 1966 3552 Alexandrinorum
2009 3495 2264 3567 vestigia
2298 3494 2525 3569 pressit,

358 3584 444 3637 ita
495 3576 731 3637 eosdem
782 3597 904 3635 non
953 3584 1146 3656 potest
1194 3597 1316 3636 non
1366 3579 1432 3635 in
1491 3596 1768 3636 versuum
1824 3575 2341 3655 conponendorum
2404 3584 2536 3635 arte

363 3662 688 3722 aemulatus
737 3680 881 3721 esse.
953 3660 1110 3739 quod
1154 3661 1390 3741 quidem
1433 3682 1554 3720 non
1597 3661 1773 3719 modo
1815 3664 1964 3720 ratio
2009 3660 2398 3739 voluntasque
2442 3660 2529 3718 di-

360 3746 715 3825 scipulorum
739 3766 988 3825 quorum
1024 3766 1202 3824 supra
1233 3748 1606 3830 meminimus
1644 3744 1829 3817 docet,
1866 3744 1972 3805 sed
2005 3747 2185 3805 etiam
2220 3763 2295 3804 ex
2330 3752 2538 3805 vetere

362 3831 615 3910 quodam
649 3834 982 3891 testimonio
1015 3839 1172 3891 recte
1216 3831 1514 3890 intellecto
1559 3831 1944 3906 cognoscitur.
2014 3837 2333 3908 utcumque
2370 3833 2530 3888 enim

362 3915 436 3976 de
472 3923 598 3975 octo
632 3916 752 3974 illis
788 3916 1056 3975 versibus
1091 3918 1365 3975 statuitur
1388 3915 1628 3973 Horatii
1663 3915 1877 3974 satirae
1905 3914 2167 3974 decimae
2189 3914 2328 3974 libri
2352 3917 2534 3994 primi

358 4002 425 4060 in
457 4021 579 4060 non
613 4000 791 4059 nullis
827 3999 1127 4060 codicibus
1160 4002 1514 4079 praemissis»,
1562 4007 1718 4059 certe
1743 4000 1916 4059 rebus
1950 4000 2040 4059 ibi
2065 4003 2530 4058 commemoratis

362 4104 534 4145 nemo
568 4086 744 4144 facile
779 4084 955 4144 fidem
991 4085 1315 4162 derogabit.
1377 4083 1518 4144 inde
1546 4084 1833 4144 Catonem
1869 4087 2255 4164 comperimus
2288 4084 2526 4157 Lucilii,

362 4172 528 4229 cuius
574 4169 845 4229 defensor
888 4179 1056 4244 esset,
1110 4190 1354 4230 versus
1397 4168 1578 4229 male
1621 4170 1850 4229 factos
1903 4170 2273 4229 emendare
2324 4190 2529 4249 para-

357 4256 569 4314 visse.
647 4255 888 4314 volebat
948 4258 1130 4334 igitur
1189 4263 1396 4336 poetae
1460 4257 1728 4335 antiquo,
1795 4256 1959 4315 cuius
2019 4257 2266 4315 virtutes
2326 4257 2535 4331 magni
