3225 5171
1100 478 1555 521 PROLEGOMENA
2297 479 2419 521 XLV

235 595 549 655 lasciviam
585 595 961 673 significavit.
1030 599 1083 655 is
1117 600 1302 673 igitur
1343 596 1690 656 condicione
1724 603 1966 675 accepta
2006 597 2416 658 reconciliatus

234 680 477 760 puellae
513 701 618 758 pro
656 699 719 740 se
752 688 950 739 tamen
984 681 1301 741 Volusium
1344 682 1647 741 substituit
1681 684 1924 760 eiusque
1959 682 2221 755 annaleS,
2269 703 2415 762 quos

235 766 667 825 contumeliosa
712 764 1109 843 adpellatione
1152 777 1390 826 cacatae
1435 766 1671 825 chartae
1715 774 1898 838 notat,
1946 766 2023 824 ad
2068 767 2415 826 solvendum

234 860 445 909 votum
482 851 747 909 comburi
781 851 960 909 iubet.
1031 853 1116 910 sic
1150 854 1308 910 enim
1342 871 1407 912 re
1440 871 1582 910 vera
1619 872 1666 910 c.
1693 851 1973 910 XXXVI
2009 852 2413 930 accipiendum

237 954 368 994 esse
403 955 538 994 cum
575 954 608 994 e
642 955 698 994 v.
740 936 774 993 9
803 955 866 1007 s.,
904 935 1008 994 ubi
1045 936 1348 1014 ‘pessima'
1384 936 1584 1015 puella
1618 939 1812 995 iocose
1855 935 2166 1015 lepideque
2202 937 2417 997 dicitur

236 1029 442 1079 votum
487 1040 658 1079 suum
709 1018 932 1092 fecisse,
986 1028 1110 1079 tum
1156 1040 1189 1081 e
1233 1042 1288 1080 v.
1338 1024 1433 1093 18,
1488 1022 1594 1080 ubi
1644 1021 1829 1081 verba
1874 1022 1961 1080 ‘at
2004 1042 2110 1081 vos
2163 1022 2413 1082 interea‘

236 1113 461 1165 certam
515 1104 814 1184 quandam
866 1108 1292 1184 oppositionem
1351 1106 1645 1179 indicant,
1709 1109 2037 1165 necessario
2101 1107 2413 1184 colligitur,

235 1193 656 1270 perspexitque
689 1193 809 1248 iam
845 1190 1235 1251 Baehrensius
1270 1191 1516 1250 analect.
1556 1190 1771 1250 catull.
1815 1212 1872 1269 p.
1914 1192 2009 1263 15,
2056 1212 2411 1272 quamquam

235 1275 305 1334 id
336 1279 535 1353 ipsum
570 1275 727 1355 quod
763 1274 840 1334 ad
885 1275 1354 1335 convincendum
1397 1279 1461 1336 in
1505 1278 1709 1355 primis
1756 1285 1956 1355 aptum
1993 1286 2081 1335 est
2124 1298 2246 1336 non
2289 1281 2414 1337 ani-

232 1360 571 1419 madvertit.
643 1360 756 1419 hoc
799 1368 995 1419 autem
1038 1363 1393 1439 poematium
1437 1380 1514 1421 ex
1557 1363 1644 1421 eis
1687 1380 1837 1441 quae
1879 1360 2081 1440 paullo
2126 1370 2267 1422 ante
2313 1382 2412 1423 ex-

235 1447 541 1524 posuimus
583 1444 949 1520 intellegitur
1000 1448 1228 1507 circiter
1270 1445 1428 1505 idem
1475 1454 1706 1524 tempus
1746 1466 1861 1525 quo
1899 1466 1945 1504 c.
1982 1446 2196 1506 XGV⁸
2230 1451 2411 1526 scrip-

235 1537 366 1588 tum
411 1548 561 1601 esse,
609 1537 690 1603 et,
747 1532 796 1588 si
847 1538 1003 1590 recte
1046 1533 1110 1589 in
1159 1533 1525 1603 universum,
1581 1539 1648 1590 ut
1691 1531 2064 1605 confidimus,
2120 1552 2294 1611 supra
2339 1533 2413 1592 de

235 1617 564 1674 carminum
585 1614 1053 1674 Catullianorum
1078 1635 1231 1694 quae
1257 1616 1335 1674 ad
1352 1617 1606 1676 Lesbiae
1631 1636 1889 1676 amorem
1918 1625 2185 1695 spectant
2204 1618 2410 1677 ordine

232 1701 714 1779 temporibusque
757 1698 1201 1778 disputavimus,
1247 1721 1405 1761 anno
1454 1697 1684 1777 694s60
1727 1702 1852 1762 fere
1894 1702 2087 1762 medio
2131 1706 2409 1782 scriptum

236 1793 342 1843 est.
413 1784 553 1842 hinc
588 1788 765 1843 etiam
800 1784 1039 1863 quando
1069 1785 1295 1845 Cinnae
1322 1787 1584 1865 Zmyrna
1619 1795 1678 1846 et
1710 1787 1953 1846 annales
1978 1787 2212 1847 Volusii
2247 1788 2410 1847 edita

233 1872 358 1928 sint
399 1869 782 1947 probabiliter
832 1871 1002 1929 nobis
1053 1869 1323 1930 videmur
1368 1871 1617 1932 definire
1659 1892 1854 1950 posse:
1907 1879 2219 1951 utrumque
2263 1894 2410 1953 opus

231 1953 347 2013 sub
401 1957 638 2012 initium
689 1953 951 2014 eiusdem
1003 1958 1147 2014 anni
1198 1955 1563 2034 publicatum
1617 1976 1743 2016 esse
1794 1956 2159 2015 arbitramur.
2203 1988 2288 1998 —
2333 1958 2407 2018 de

232 2038 486 2098 Volusio
531 2039 682 2098 nihil
725 2049 1026 2117 praeterea
1069 2047 1273 2099 notum
1318 2047 1421 2100 est.
1490 2061 1632 2099 nam
1677 2039 1834 2119 quod
1876 2048 2010 2118 post
2051 2041 2303 2120 Hauptii
2344 2044 2408 2101 in

236 2124 681 2202 quaestionibus
710 2123 1064 2183 Catullianis
1100 2124 1557 2202 disputationem
1593 2123 1814 2203 (opusc.
1844 2125 1893 2197 I,
1928 2145 1986 2203 p.
2019 2126 2093 2183 71
2127 2123 2197 2202 s.)
2226 2126 2407 2203 vulgo

232 2207 485 2268 credunt
535 2209 857 2285 significari
905 2208 1018 2267 hoc
1061 2212 1299 2269 nomine
1339 2210 1670 2268 Tanusium
1708 2210 2048 2283 Geminum,
2104 2209 2168 2268 id
2218 2230 2408 2290 nuper

232 2293 304 2352 P.
350 2293 421 2351 E.
468 2292 957 2370 Sonnenburgius
1002 2295 1065 2352 in
1117 2301 1487 2353 commentat.
1533 2294 1731 2354 histor.
1776 2293 2042 2354 Arnoldo
2089 2294 2405 2357 Schaefero

232 2377 445 2437 dicatis
496 2398 552 2455 p.
610 2377 729 2435 158
779 2397 852 2436 ss.
913 2380 1042 2436 iure
1102 2378 1248 2436 mihi
1306 2382 1669 2456 inpugnasse
1728 2379 1986 2452 videtur,
2049 2401 2405 2461 quamquam

230 2464 806 2538 argumentationem
842 2463 967 2520 eius
1001 2482 1123 2521 non
1156 2470 1341 2521 totam
1368 2463 1647 2543 adprobo.
1711 2483 1821 2524 nec
1848 2464 2109 2525 adducor
2144 2474 2211 2524 ut
2236 2467 2408 2527 aliter

229 2547 488 2608 iudicem
538 2546 706 2607 lectis
759 2549 843 2606 eis
894 2566 1047 2627 quae
1099 2547 1441 2608 Schwabius
1503 2549 1700 2610 annal.
1752 2549 1957 2629 philol.
2010 2558 2051 2610 t.
2108 2550 2397 2626 CXXIX,

229 2654 288 2712 p.
322 2634 446 2691 380
475 2652 548 2691 ss.
586 2631 665 2691 ad
702 2631 1135 2692 defendendam
1170 2641 1427 2694 veterem
1464 2639 1802 2713 opinionem
1838 2637 2049 2695 attulit.
2087 2639 2297 2696 nititur
2332 2658 2404 2697 ea

228 2718 359 2777 loco
397 2716 654 2795 quodam
689 2717 953 2778 Senecae
985 2717 1322 2796 philosophi
1356 2721 1460 2799 qui
1494 2724 1661 2799 epist.
1701 2722 1781 2779 93
1823 2724 1919 2793 11,
1956 2729 2268 2800 postquam
2302 2723 2403 2781 ad-

226 2805 552 2863 versarium
597 2803 743 2863 haec
796 2803 1088 2863 dicentem
1137 2804 1401 2863 induxit:
1459 2804 1604 2864 ‘non
1647 2813 1769 2864 tam
1814 2804 2011 2865 multis
2054 2809 2210 2864 vixit
2253 2807 2403 2882 (Me-

226 2894 443 2946 tronax
494 2886 905 2967 philosophus)
957 2890 1129 2947 annis
1174 2908 1354 2968 quam
1404 2890 1642 2967 potuit’,
1681 2888 1759 2947 ad
1804 2908 1874 2948 ea
1924 2893 2010 2948 ita
2059 2891 2399 2968 respondet:

229 2972 317 3031 ‘et
351 2992 671 3051 paucorum
706 2992 981 3033 versuum
1005 2974 1157 3033 liber
1184 2981 1273 3032 est
1300 2981 1358 3033 et
1383 2973 1624 3054 quidem
1648 2974 1979 3033 laudandus
2007 2981 2183 3053 atque
2210 2976 2398 3035 utilis:

223 3057 472 3116 annales
511 3057 763 3116 Tanusii
799 3061 911 3117 scis
947 3078 1126 3137 quam
1160 3058 1477 3136 ponderosi
1510 3062 1632 3119 sint
1665 3068 1724 3119 et
1758 3059 1900 3138 quid
1926 3061 2242 3118 vocentur)
2295 3062 2399 3120 ubi

227 3150 492 3201 extrema
525 3141 710 3201 verba
751 3141 829 3199 ad
872 3145 1329 3219 ignominiosum
1372 3143 1525 3203 illud
1562 3144 1791 3204 ‘cacata
1834 3144 2060 3203 charta’
2099 3145 2256 3224 quod
2291 3146 2401 3206 Oa·

222 3226 408 3286 tullus
453 3224 529 3284 de
559 3227 762 3286 vastis,
777 3226 1010 3286 Volusii
1053 3227 1365 3287 annalibus
1413 3228 1566 3287 dixit
1607 3229 1814 3289 referri
1854 3238 2151 3308 putantur.
2224 3252 2403 3312 quam

226 3315 623 3371 coniecturam
662 3314 773 3370 etsi
802 3314 1123 3388 speciosam
1152 3331 1278 3372 esse
1304 3333 1426 3372 non
1460 3333 1763 3390 negamuS,
1803 3336 1935 3374 cum
1961 3316 2188 3376 Seneca
2214 3322 2402 3377 mani-

224 3397 375 3457 festo
413 3395 634 3454 dictum
673 3395 916 3474 aliquod
951 3402 1009 3455 et
1040 3399 1106 3455 in
1148 3396 1361 3474 vulgus
1404 3406 1607 3457 notum
1653 3407 1712 3459 et
1754 3420 1959 3480 parum
2002 3402 2399 3462 verecundum

222 3485 290 3540 in
321 3487 519 3540 mente
554 3481 842 3554 habuerit,
877 3488 1077 3540 tamen
1113 3482 1394 3560 conplura
1424 3483 1742 3561 inpediunt
1766 3505 1881 3565 quo
1906 3488 2102 3544 minus
2130 3491 2186 3546 ei
2220 3488 2400 3548 fidem

222 3566 566 3626 tribuamus.
616 3570 873 3645 primum
901 3569 1058 3625 enim
1086 3567 1328 3627 annales
1355 3568 1604 3627 Tanusii
1632 3571 1898 3629 versibus
1926 3574 2172 3649 scriptos
2201 3572 2397 3644 fuisse,

223 3655 377 3710 sicut
409 3652 664 3725 Volusii,
711 3671 789 3712 ne
820 3654 1140 3728 vestigium
1175 3652 1412 3730 quidem
1445 3654 1635 3712 ullum
1679 3662 1768 3713 est
1802 3654 1961 3734 quod
1993 3655 2240 3727 indicet,
2287 3674 2400 3715 nec
2461 3649 2492 3672 '⁴

220 3736 597 3796 mediocriter
650 3740 870 3796 erravit
915 3735 1283 3811 SchwabiuS,
1331 3758 1465 3797 cum
1508 3759 1602 3818 qu.
1652 3738 1779 3798 Cat.
1824 3761 1881 3818 p.
1921 3741 2045 3797 280
2086 3739 2153 3798 id
2196 3757 2228 3798 e
2270 3740 2399 3799 loco
2463 3750 2473 3758 '

219 3822 490 3881 Senecae
527 3821 928 3899 colligendum
964 3840 1090 3882 esse
1126 3823 1522 3883 contenderet.
1594 3822 1825 3896 deinde,
1863 3844 1994 3883 cum
2031 3822 2299 3883 Suetonii
2333 3828 2400 3885 in

219 3906 335 3965 Iul.
378 3907 414 3964 9
450 3909 785 3968 testimonio
833 3915 1058 3968 constet
1092 3908 1422 3966 Tanusium
1456 3908 1760 3967 historiam
1797 3911 2121 3987 scripsisse,
2170 3927 2246 3967 ex
2282 3930 2400 3989 qua
2460 3919 2464 3922 '

217 3998 455 4071 praeter
496 3992 666 4051 illum
708 3993 1062 4053 Plutarchus
1109 4012 1342 4072 quoque
1387 3996 1453 4051 in
1499 3992 1667 4052 Caes
1705 3995 1785 4052 22
1833 4002 1891 4051 et
1935 3994 2146 4054 Strabo
2191 3994 2398 4069 XVII,

217 4097 275 4155 p.
334 4077 456 4134 829
514 4074 693 4152 (conf.
747 4080 815 4138 B.
870 4079 1109 4137 Niesius
1173 4099 1316 4137 mus.
1382 4078 1570 4138 Rhen.
1624 4085 1664 4137 t.
1717 4079 2085 4152 XXXVIII,
2137 4100 2191 4158 p.
2249 4080 2398 4158 601)
2449 4079 2452 4082 ’

216 4162 560 4235 hauserunt,
605 4162 682 4221 ad
717 4162 964 4223 eandem
1000 4163 1262 4223 Senecae
1297 4164 1482 4223 verba
1524 4166 1816 4242 respicere
1851 4168 1980 4224 veri
2026 4185 2166 4224 sane
2211 4166 2402 4227 simile

214 4254 323 4321 est,
379 4265 573 4327 neque
614 4248 1018 4328 probabilitati
1064 4249 1237 4308 buius
1285 4253 1616 4309 sententiae
1665 4249 1732 4308 id
1787 4250 1971 4310 officit
2014 4250 2171 4329 quod
2214 4251 2404 4331 philo·
2495 4274 2513 4289 ·
