3225 5171
1298 440 1530 495 LIBER
2352 426 2439 494 55

482 560 594 626 sed
629 582 791 645 quae
827 585 894 627 se
928 561 1156 647 inpuro
1192 562 1367 628 dedit
1405 563 1736 640 adulteriO,

394 653 562 748 illius
598 647 838 767 ssxmala
873 656 1039 720 dona
1073 656 1232 721 levis
1269 656 1447 720 bibat
1479 657 1667 721 inrita
1699 656 1939 742 pulvis:
2470 673 2541 729 85

481 771 754 832 namque
789 771 908 835 ego
944 749 1027 814 ab
1062 750 1337 843 indignis
1374 751 1657 836 praemia
1690 751 1867 815 nulla
1946 759 2068 816 eto·

399 842 511 906 sed
547 844 770 928 magis,
807 866 846 908 o
881 854 1138 928 nuptae,
1177 867 1425 930 semper
1459 844 1799 910 concordia
1832 774 2097 922 vff'stras,

484 958 733 1021 semper
767 959 945 1001 amor
979 938 1159 1003 sedes
1196 939 1431 1003 incolat
1466 937 1792 1002 adsiduus.

397 1037 467 1091 tu
503 1051 671 1106 vero,
708 1032 948 1116 regina,
992 1041 1174 1096 tuens
1210 1053 1356 1096 eum
1393 1031 1601 1096 sidera
1636 1031 1850 1095 divam

482 1123 764 1207 placabis
798 1124 975 1189 festis
1009 1125 1355 1190 luminibus
1391 1125 1730 1200 Venerem,
2473 1140 2543 1196 90

393 1218 696 1300 unguinis
732 1230 1055 1303 expertem
1091 1241 1219 1284 non
1255 1220 1394 1283 siris
1430 1242 1569 1284 esse
1604 1229 1781 1282 tuam
1815 1240 1939 1295 me,

483 1311 597 1376 sed
631 1311 841 1396 potius
877 1313 1071 1398 largis
1107 1315 1308 1379 adfice
1342 1313 1732 1378 muneribus.
2432 1373 2436 1376 Α
2469 1373 2474 1378 .
2702 1384 2719 1397 .

395 1404 606 1469 sidera
637 1410 672 1486 †
709 1429 821 1471 cur
838 1407 1099 1591 Γ.
1188 1410 1429 1473 utinam
1464 1429 1649 1472 coma
1681 1407 1860 1492 regia
1892 1408 2072 1471 fiam:
2193 1359 2786 1492 QUNQ—ssss
2905 1351 2960 1502 ἶ

483 1501 808 1584 proximus
935 1502 1191 1568 drochoi
1226 1503 1499 1588 fulgeret
1536 1499 1801 1568 Oarion.

1275 1944 1570 2010 LXVII.

400 2057 467 2123 Ο
505 2059 674 2125 dulci
708 2061 987 2126 iucunda
1016 2061 1175 2138 vir0,
1211 2063 1488 2127 iucunda
1521 2063 1789 2148 parenti,

488 2155 680 2229 salve,
716 2166 904 2239 teque
942 2155 1109 2219 bona
1143 2155 1430 2240 Iuppiter
1465 2167 1678 2222 auctet
1711 2178 1853 2241 ope,

399 2247 609 2325 ianua,
646 2270 839 2332 quam
874 2249 1083 2312 Balbo
1119 2249 1337 2313 dicunt
1371 2250 1641 2315 servisse
1676 2250 1954 2335 benigne

487 2342 658 2419 olim,
694 2364 838 2407 cum
876 2343 1058 2407 sedes
1094 2342 1232 2427 ipse
1267 2365 1459 2408 senex
1495 2344 1719 2420 tenuit,

397 2457 721 2520 quamque
756 2437 970 2501 ferunt
1002 2459 1218 2500 rursus
1251 2448 1401 2501 nato
1438 2438 1704 2504 servisse
1739 2437 2038 2523 maligne,
2475 2455 2516 2512 5

487 2540 823 2616 postquam
861 2554 928 2595 es
965 2542 1252 2615 porrecto
1288 2531 1459 2597 facta
1493 2532 1721 2597 marita
1755 2553 1927 2610 sene,
2186 2534 2190 2538 ’

398 2624 505 2690 dic
541 2626 814 2709 agedum
849 2625 1052 2702 nobis,
1090 2646 1284 2709 quare
1321 2637 1565 2690 mutata
1599 2626 1822 2691 feraris

488 2719 552 2782 in
589 2719 911 2783 dominum
949 2729 1226 2784 veterem
1264 2720 1616 2785 deseruisse
1650 2720 1862 2784 fidem.

400 2821 579 2889 ‘non,
616 2813 706 2877 ita
743 2811 1023 2878 Caecilio
1059 2815 1368 2899 placeam,
1407 2814 1509 2879 cui
1547 2812 1777 2876 tradita
1810 2833 1982 2876 nunc
2018 2834 2179 2886 sum,

491 2907 678 2992 culpa
712 2930 854 2972 mea
889 2921 1002 2983 est,
1038 2929 1425 2991 quamquam
1461 2907 1691 2970 dicitur
1727 2928 1865 2970 esse
1898 2928 2062 2980 mea,
2480 2924 2549 2979 10

404 3022 524 3065 nec
558 3010 887 3085 peccatum
923 3025 962 3064 a
997 3023 1099 3065 me
1135 3001 1473 3084 quisquam
1509 3012 1658 3084 pote
1695 2999 1904 3063 dicere
1939 2999 2312 3083 quicquam:

492 3116 713 3159 verum
746 3093 918 3157 istud
950 3093 1168 3178 populi
1204 3115 1370 3157 vana
1403 3094 1680 3176 loquella
1714 3092 1887 3168 facit,

401 3188 534 3272 qui,
572 3209 973 3272 quacumque
1011 3188 1249 3271 aliquid
1283 3188 1594 3272 reperitur
1628 3208 1756 3250 non
1792 3187 1956 3251 bene
1990 3186 2252 3264 factum,

490 3282 573 3347 ad
606 3304 709 3346 me
744 3303 960 3347 omnes
997 3282 1269 3346 clamant
1305 3282 1544 3358 ‘ianua,
1583 3282 1773 3366 culpa
1808 3278 2058 3345 tuast.”=
2239 3279 2244 3283 ’

399 3397 533 3440 non
566 3376 730 3441 istuc
765 3376 915 3441 satis
952 3386 1048 3440 est
1080 3398 1208 3439 uno
1244 3385 1305 3440 te
1342 3374 1550 3440 dicere
1586 3375 1802 3451 verbu,
2476 3390 2545 3446 15

491 3469 604 3534 sed
638 3469 848 3533 facere
883 3478 955 3532 ut
987 3468 1196 3551 quivis
1232 3469 1458 3533 sentiat
1496 3478 1560 3532 et
1592 3467 1825 3533 videat.
2414 3493 2420 3497 ·

360 3594 365 3598 ·
401 3564 546 3647 ‘qui
580 3563 877 3648 possum?
910 3583 1096 3626 nemo
1132 3562 1378 3645 quaerit
1409 3584 1527 3627 nec
1563 3561 1722 3626 scire
1756 3557 2046 3626 laborat.’

489 3679 604 3722 nos
640 3657 960 3722 volumus:
998 3656 1182 3720 nobis
1219 3657 1427 3721 dicere
1462 3678 1543 3720 ne
1580 3655 1820 3720 dubita.

402 3752 708 3836 ‘primum
741 3750 956 3835 igitur,
993 3750 1171 3834 virgo
1208 3749 1378 3833 quod
1414 3749 1615 3814 fertur
1651 3748 1881 3813 tradita
1914 3749 2118 3826 nobis,

490 3846 721 3910 falsum
756 3854 869 3910 est.
956 3865 1086 3908 non
1119 3845 1229 3928 qui
1264 3845 1435 3908 illam
1471 3845 1568 3907 vir
1601 3844 1772 3929 prior
1805 3843 2099 3929 attigerit,
2476 3858 2550 3913 20

403 3938 763 4026 languidior
796 3949 1012 4003 tenera
1048 3939 1150 4003 cui
1186 3939 1469 4023 pendens
1506 3938 1706 4002 sicula
1742 3937 1888 4002 beta

491 4053 836 4115 numquam
873 4055 940 4096 se
974 4031 1247 4097 mediam
1283 4031 1536 4095 sustulit
1571 4031 1654 4096 ad
1688 4031 1996 4096 tunicam:

405 4125 522 4191 sed
555 4135 735 4210 pater
766 4125 934 4190 illius
967 4124 1147 4210 gnati
1181 4125 1450 4190 violasse
1485 4124 1693 4190 cubile

492 4218 720 4282 dicitur
752 4229 817 4283 et
850 4220 1142 4284 miseram
1178 4218 1638 4283 conscelerasse
1675 4218 1955 4294 domum,
