3225 5171
1217 446 1414 488 PROLE
1420 442 1672 489 GOMENA
2478 446 2543 490 01

364 569 468 646 qui
501 567 728 644 primus
773 561 848 623 de
893 583 960 623 eo
1006 563 1231 624 rettulit
1275 564 1472 623 annal.
1507 565 1713 643 philol.
1749 572 1792 624 t.
1828 565 2011 638 XIII,
2045 586 2104 644 p.
2144 567 2265 624 262
2302 573 2361 625 et
2396 567 2538 640 269,

362 651 718 710 Duebnerus
752 651 817 707 in
851 669 1022 707 usum
1057 649 1373 720 Schwabii,
1409 650 1671 723 Ellisius,
1709 651 2103 710 Baehrensius
2140 660 2537 710 excusserunt.

365 734 664 812 supplevit
694 736 1027 812 partimque
1069 736 1324 793 correxit
1366 735 1471 793 has
1509 735 1851 795 collationes
1887 742 1947 796 et
1982 735 2056 795 de
2089 739 2367 795 universa
2399 736 2541 796 libri

367 819 682 896 diligenter
741 838 779 877 a
839 838 903 878 se
962 822 1288 877 examinati
1356 819 1705 879 condicione
1768 822 2039 900 exposuit
2069 821 2180 879 M.
2234 821 2542 880 Bonnetus

366 903 572 981 (revue
617 906 866 983 critique
898 903 1013 977 XI,
1056 907 1108 976 1,
1153 925 1210 983 p.
1248 904 1328 961 58
1349 903 1468 981 ss..)
1538 908 1858 981 imaginem
1912 905 2131 965 codicis
2182 914 2308 965 arte
2352 906 2538 966 helio-

364 990 652 1069 graphica
688 1008 1023 1068 expressam
1056 988 1224 1048 vides
1259 988 1419 1067 apud
1455 989 1869 1050 Chatelanium
1903 991 1941 1048 l.
1980 1010 2048 1064 c.,
2063 990 2204 1050 ..tab
2243 991 2380 1051 XV.
2436 991 2537 1050 do-

362 1072 606 1134 lendum
650 1082 739 1134 est
781 1081 976 1133 autem
1018 1073 1177 1153 quod
1213 1073 1271 1134 G
1304 1074 1657 1152 procedente
1700 1083 1963 1154 tempore
2007 1076 2378 1155 conplurium
2414 1095 2539 1134 cor-

362 1169 655 1220 rectorum
679 1179 888 1217 manus
921 1178 1128 1235 passus
1156 1167 1258 1233 est,
1290 1159 1567 1238 quodque
1595 1161 1923 1239 permultae
1950 1160 2150 1220 eorum
2181 1164 2539 1220 mutationes

363 1244 626 1304 radendo
676 1243 871 1304 factae
921 1251 1060 1302 sunt
1104 1251 1227 1302 tam
1271 1243 1512 1304 dextere
1555 1254 1624 1304 ut
1664 1245 1841 1306 facile
1887 1245 2084 1306 oculos
2128 1247 2381 1323 fugiant,
2424 1266 2537 1306 nec

362 1349 496 1388 raro
522 1331 773 1408 pristina
798 1331 1087 1406 scriptura
1113 1327 1383 1405 dignosci
1413 1333 1653 1390 omnino
1682 1339 1952 1410 nequeat.
2018 1352 2156 1390 nam
2175 1331 2536 1391 Baehrensio

362 1414 685 1493 prolegom.
721 1434 779 1491 p.
815 1414 970 1474 XIV
1005 1422 1064 1473 et
1095 1414 1285 1474 XVII
1328 1418 1610 1474 statuenti
1651 1415 1759 1474 has
1795 1419 2183 1475 correctiones
2220 1436 2421 1476 omnes
2457 1417 2535 1476 ab

367 1498 572 1558 eadem
623 1519 819 1557 manu
858 1517 1010 1577 quae
1053 1497 1111 1558 G
1145 1501 1415 1558 exaravit
1456 1499 1642 1559 factas
1688 1519 1817 1560 esse
1858 1508 2035 1580 atque
2079 1503 2264 1579 ipsius
2308 1502 2538 1561 scribae

363 1587 607 1660 ingenio
643 1583 847 1642 deberi
879 1590 1013 1661 post
1045 1583 1301 1642 Bonneti
1336 1603 1590 1664 operam,
1637 1590 1739 1664 qui
1771 1594 1890 1645 tres
1931 1588 2239 1645 minimum
2263 1586 2536 1646 diversas

362 1672 431 1727 in
465 1687 534 1728 eo
566 1668 718 1728 libro
755 1670 1068 1747 scripturas
1106 1667 1393 1745 distingui
1428 1689 1599 1748 posse
1636 1670 1910 1729 adfirmat
1944 1668 2007 1746 (l.
2036 1691 2084 1729 c.
2119 1692 2178 1750 p.
2201 1669 2324 1772 60),
2363 1691 2534 1731 nemo

362 1752 626 1833 profecto
669 1752 847 1813 fidem
890 1752 1146 1812 habebit.
1219 1763 1396 1833 atque
1439 1775 1618 1834 quam
1662 1754 1830 1814 falsa
1857 1757 1934 1815 sit
1973 1756 2089 1815 ista
2122 1759 2321 1834 opinio
2356 1759 2535 1816 etiam

364 1839 712 1917 subscriptio
765 1838 983 1897 codicis
1030 1838 1088 1899 G
1133 1839 1403 1912 ostendit,
1458 1842 1524 1899 in
1576 1860 1695 1919 qua
1755 1840 2029 1899 librarius
2080 1839 2360 1901 lectorem
2418 1842 2533 1901 sibi

364 1927 603 1982 veniam
652 1922 792 1982 dare
843 1923 1024 1995 iubet,
1081 1926 1133 1981 si
1183 1924 1565 2003 apographon
1609 1946 1647 1982 a
1690 1943 1782 1983 sex
1805 1924 2133 1984 confectum
2200 1935 2534 2005 corruptum

364 2008 654 2081 videatur,
692 2010 934 2087 eiusque
967 2009 1054 2066 rei
1089 2027 1328 2067 causam
1364 2027 1439 2067 ex
1477 2008 1635 2067 mala
1670 2008 2017 2067 condicione
2054 2009 2404 2087 exemplaris
2440 2013 2533 2070 sui

362 2096 575 2172 repetit
610 2101 669 2153 et
701 2094 829 2152 fore
862 2101 1056 2171 sperat
1089 2105 1156 2151 ut
1189 2113 1265 2152 ex
1301 2093 1418 2151 alio
1455 2094 1654 2173 aliquo
1683 2092 1892 2152 ’codice
1927 2093 2169 2152 fortuito
2206 2099 2533 2171 emergenti

362 2190 533 2237 suum
574 2181 762 2257 possit
806 2179 1110 2253 corrigere.
1182 2196 1258 2236 ex
1304 2195 1419 2257 quo
1465 2179 1773 2236 conficitur
1813 2186 1881 2237 ut
1922 2179 2024 2238 ille
2061 2199 2237 2259 quam
2270 2183 2531 2240 maxima

358 2270 557 2341 posset
617 2262 735 2322 fide
785 2263 844 2322 V
893 2264 1325 2339 transcripserit
1383 2281 1577 2342 neque
1628 2265 1881 2341 propriis
1942 2265 2167 2323 viribus
2219 2265 2532 2325 emendare

361 2368 499 2408 eum
545 2354 788 2406 conatus
833 2348 924 2404 sit.
995 2367 1032 2405 a
1067 2347 1486 2406 correctoribus
1532 2350 1659 2406 istis
1704 2351 1882 2407 etiam
1915 2367 2051 2427 pars
2085 2353 2383 2409 variarum
2416 2351 2531 2410 lec-

357 2435 604 2504 tionum,
650 2451 796 2510 quas
833 2430 891 2491 G
923 2430 1204 2510 plurimas
1248 2435 1376 2491 sive
1418 2433 1572 2492 inter
1611 2452 1818 2493 versus
1851 2437 1979 2494 sive
2025 2436 2091 2493 in
2126 2437 2398 2512 margine.
2425 2435 2531 2494 ha-

357 2517 476 2592 bet,
514 2515 718 2575 addita
753 2522 854 2575 est.
924 2515 1045 2574 vid.
1082 2534 1234 2595 quae
1267 2521 1332 2575 in
1367 2524 1478 2577 act.
1514 2518 1689 2577 litter.
1726 2519 1958 2579 Ienens.
1996 2539 2046 2578 a.
2082 2521 2266 2594 1878,
2302 2541 2359 2600 p.
2400 2523 2524 2580 208

360 2622 432 2663 ea
483 2603 583 2662 de.
609 2621 673 2661 re
725 2601 995 2661 diximuS.
1067 2603 1220 2661 aliae
1273 2602 1516 2662 dubium
1569 2624 1696 2664 esse
1748 2625 1869 2664 non
1921 2612 2114 2683 potest
2164 2608 2309 2686 quin
2360 2610 2425 2665 in
2467 2607 2527 2666 V

357 2696 624 2765 repertae
657 2687 733 2747 ab
776 2691 905 2764 ipso
948 2687 1085 2747 libri
1120 2686 1178 2747 G
1211 2697 1448 2748 auctore
1491 2688 1820 2768 adscriptae
1856 2692 1988 2749 sint.
2060 2689 2314 2770 denique
2361 2694 2527 2751 inve-

360 2777 603 2832 niuntur
647 2774 823 2832 etiam
866 2791 1019 2851 quae
1065 2792 1132 2832 eo
1177 2772 1494 2832 videantur
1537 2782 1699 2833 ortae
1741 2794 1868 2834 esse
1916 2782 1983 2833 ut
2023 2774 2181 2833 idem
2234 2776 2527 2850 librarius,

360 2877 493 2916 cum
545 2857 846 2935 exemplar
889 2878 1058 2916 suum
1101 2857 1328 2917 duobus
1372 2857 1563 2917 modis
1617 2859 1740 2933 legi
1783 2878 1953 2936 posse
2005 2863 2383 2933 existimaret,
2439 2863 2528 2919 in-

359 2950 549 3001 certus
582 2952 716 3001 utra
751 2941 924 3001 lectio
960 2961 1104 3002 vera
1138 2951 1306 3014 esset,
1344 2943 1589 3001 alteram
1626 2942 1796 3002 alteri
1831 2942 2106 3002 adiceret.
2170 2965 2527 3024 quamquam

357 3027 504 3085 talia
537 3029 734 3085 nescio
769 3048 847 3085 an
882 3026 1089 3086 eodem
1123 3029 1250 3086 iure
1286 3031 1340 3085 ei
1377 3030 1481 3106 qui
1508 3028 1567 3087 V
1607 3030 1841 3105 scripsit
1875 3029 2176 3087 attribuas.
2217 3062 2302 3070 —
2336 3030 2528 3089 codici

360 3110 418 3171 G
452 3118 644 3169 aetate
686 3131 794 3189 par
824 3109 937 3169 ¹aut
983 3119 1138 3171 certe
1181 3132 1301 3171 non
1344 3112 1529 3170 multo
1564 3112 1810 3172 inferior.¹
1844 3121 1932 3172 est
1966 3113 2404 3174 Canonicianus
2440 3117 2525 3175 30

355 3195 750 3255 bibliothecae
791 3195 1150 3255 Bodleianae
1192 3200 1319 3255 sive
1364 3195 1723 3256 Oxoniensis
1761 3194 1885 3273 (O),
1940 3217 2113 3278 quem
2156 3201 2222 3258 in
2263 3200 2525 3260 medium

355 3280 601 3360 protulit
643 3281 885 3338 Ellisius
928 3282 992 3340 in
1034 3283 1225 3358 priore
1268 3300 1375 3340 sua
1418 3281 1640 3342 Catulli
1683 3282 1948 3343 editione
1989 3283 2210 3344 Oxonii
2256 3305 2308 3343 a.
2358 3286 2524 3345 1867

354 3365 658 3445 publicata
692 3360 870 3439 (conf.
906 3363 992 3424 ibi
1034 3365 1351 3444 prolegom.
1388 3387 1444 3445 p.
1480 3367 1734 3427 XXXV
1751 3364 1839 3443 e..)
1908 3373 2117 3447 postea
2151 3369 2397 3429 collatus
2433 3380 2525 3431 est

357 3471 394 3509 a
434 3450 813 3522 Baehrensio,
859 3452 1024 3509 cuius
1069 3469 1307 3528 operam
1351 3452 1771 3531 suppleverunt
1814 3462 2305 3534 correxeruntque
2350 3453 2418 3513 C.
2452 3456 2524 3515 P.

356 3529 666 3596 Schulzius
692 3535 950 3594 Hermae
975 3544 1016 3593 t.
1035 3535 1215 3609 XIII,
1244 3556 1300 3614 p.
1321 3535 1404 3593 50
1422 3557 1495 3596 ss.
1532 3545 1591 3597 et
1615 3538 1908 3597 Ellisius
1887 3559 1954 3597 ιιι
1980 3538 2257 3598 editionis
2285 3540 2526 3600 alterius

357 3640 410 3682 a.
451 3621 615 3679 1878
661 3614 908 3680 emissae
951 3619 1194 3708 praefat.
1239 3641 1295 3698 p.
1330 3621 1462 3680 XII
1489 3642 1552 3693 s.,
1598 3624 1709 3723 qui·
1744 3631 1803 3682 et
1856 3625 2164 3725 specimen
2205 3627 2526 3702 scripturae

357 3706 628 3765 exhibuit
660 3701 803 3765 ibid.
844 3704 928 3764 ad
955 3726 1013 3783 p.
1044 3703 1182 3764 ’146
1218 3705 1334 3765 hic
1368 3705 1571 3780 codex,
1611 3710 1713 3786 qui
1745 3728 1879 3766 cum
1914 3707 1972 3767 G
2007 3712 2198 3784 magis
2234 3713 2524 3769 consentit

357 3803 534 3870 quam
559 3791 716 3850 ullus
743 3790 894 3850 alius
919 3791 1072 3850 liber
1100 3789 1488 3864 CatullianuS,
1526 3796 1636 3850 etsi
1663 3792 2088 3872 subscriptione
2114 3801 2289 3866 caret,
2326 3802 2527 3855 tamen

358 3875 612 3935 dubitari
660 3896 781 3935 non
825 3883 1018 3955 potest
1059 3877 1205 3954 quin
1239 3894 1427 3955 aeque
1461 3884 1639 3955 atque
1670 3876 1776 3936 ille
1810 3896 1886 3936 ex
1919 3881 2049 3956 ipso
2084 3879 2158 3951 V,
2205 3878 2368 3938 nullo
2404 3879 2522 3939 alio

354 3960 506 4020 libro
540 3959 956 4034 intercedente,
992 3960 1290 4039 prodierit.
1350 3958 1472 4019 vid.
1502 3980 1654 4040 quae
1687 3981 1758 4021 ea
1783 3961 1858 4022 de
1889 3981 1954 4021 re
1990 3962 2315 4041 disputavit
2337 3965 2526 4024 Baeh-

355 4049 582 4105 rensius
633 4046 853 4124 proleg.
899 4066 954 4125 p.
991 4046 1148 4106 XIV
1175 4066 1246 4104 ss,
1300 4047 1552 4122 augetur
1601 4054 1799 4106 autem
1848 4047 1988 4107 libri
2041 4046 2094 4107 Ο
2147 4053 2401 4127 pretium
2453 4070 2523 4110 eo

359 4130 516 4209 quod
551 4138 936 4190 correctorum
979 4132 1287 4190 arbitrium
1321 4150 1443 4190 non
1477 4138 1752 4210 expertus
1796 4140 1901 4204 est,
1944 4136 2031 4191 ita
2074 4140 2143 4192 ut
2185 4153 2375 4212 saepe,
2421 4134 2526 4194 ubi

359 4219 550 4294 prima
590 4235 799 4275 manus
845 4216 1061 4277 codicis
1096 4215 1153 4275 G
1187 4215 1450 4277 radendo
1494 4225 1582 4277 est
1624 4216 1948 4292 obscurata,
2006 4238 2134 4278 eam
2178 4223 2524 4299 scripturam
