3225 5171
1266 430 1495 485 LIBER
2322 419 2408 489 15
2443 439 2446 442 ·

487 551 598 618 sed
634 552 798 617 bello
834 552 983 617 huic
1018 575 1226 635 neque
1264 576 1481 618 servus
1520 564 1617 618 est
1651 574 1857 638 neque
1893 577 2057 621 arca.

486 646 607 711 hoc
642 658 712 710 tu
747 669 939 730 quam
975 648 1154 712 lubet
1187 648 1366 712 abice
1404 648 1737 731 elevaque:

489 760 608 804 nec
645 762 899 805 servum
934 750 1147 807 tamen
1183 742 1290 807 ille
1325 741 1518 806 habet
1553 763 1762 825 neque
1799 750 2040 807 arcam.‘
2439 761 2513 815 10

1258 1064 1488 1129 XXV.

487 1178 770 1247 Cinaede
808 1182 1055 1257 Thalle,
1091 1183 1338 1247 mollior
1374 1184 1650 1248 cuniculi
1688 1183 1934 1269 capillo

487 1275 589 1339 vel
627 1277 863 1341 anseris
900 1277 1248 1360 medullula
1283 1278 1386 1342 vel
1420 1278 1617 1341 imula
1652 1279 1936 1343 auricilla

484 1368 585 1431 vel
621 1390 785 1452 pene
820 1370 1122 1454 languido
1159 1371 1326 1435 senis
1363 1370 1614 1455 situque
1650 1393 1978 1448 araneOSO,
2090 1361 2102 1370 ⁹

483 1460 780 1546 idemque
815 1464 1041 1528 Thalle
1078 1465 1331 1527 turbida
1365 1465 1654 1547 rapacior
1688 1466 1987 1549 procella,

487 1576 632 1618 cum
671 1556 819 1621 diva
852 1561 886 1637 †
921 1557 1316 1622 mulierarios
1354 1558 1630 1621 ostendit
1664 1558 2024 1634 oscitantes,
2435 1575 2480 1632 5

485 1650 731 1715 remitte
769 1651 1030 1735 pallium
1067 1651 1221 1715 mihi
1259 1674 1493 1728 meum,
1530 1652 1702 1735 quod
1735 1652 2050 1729 involasti,

487 1744 938 1828 sudariumque
977 1743 1330 1810 Saetabum
1365 1745 1911 1830 catagraphosque
1946 1746 2231 1838 Thynos,

486 1836 720 1922 inepte,
765 1861 930 1922 quae
965 1840 1176 1947 palam
1212 1839 1374 1904 soles
1410 1836 1646 1914 habere
1683 1849 2006 1923 tamquam
2043 1840 2230 1906 avita.

486 1951 651 2013 quae
687 1954 856 1996 nunc
892 1932 1017 2014 tuis
1053 1932 1135 1996 ab
1172 1932 1494 2018 unguibus
1529 1933 1847 2020 reglutina
1882 1944 1944 1997 et
1977 1935 2248 2012 remitte,

486 2043 568 2088 ne
602 2026 856 2090 laneum
890 2011 1272 2091 latusculum
1307 2047 1660 2109 manusque
1696 2026 2066 2093 mollicellas
2438 2044 2516 2110 19

486 2118 698 2184 inusta
734 2121 999 2204 turpiter
1034 2121 1149 2184 tibi
1183 2120 1441 2204 flagella
1477 2120 1964 2198 conscribillent,
2475 2117 2478 2120 ’

489 2223 553 2277 et
590 2213 932 2278 insolenter
968 2225 1217 2278 aestues
1253 2214 1426 2276 velut
1462 2213 1706 2278 minuta
1740 2223 1975 2299 magno

488 2305 799 2391 deprensa
832 2307 1013 2371 navis
1047 2307 1114 2370 in
1150 2305 1311 2370 mari
1345 2307 1712 2371 vesaniente
1747 2319 1959 2373 vento,

1042 2702 1137 2736 ,2
1141 2621 1508 2733 aXXW
1705 2552 2390 2796 &⁸752st
2504 2507 2860 2678 ὦ

612 2739 789 2817 Furi,
827 2741 1045 2806 villula
1056 2753 1305 2811 mentm
1326 2766 1454 2807 non
1491 2742 1573 2805 ad
1608 2741 1808 2806 austri

364 2884 367 2891 -
611 2830 798 2901 flatus
812 2818 1125 2944 opposita
1160 2846 1255 2901 est
1287 2857 1493 2918 neque
1531 2835 1615 2898 ad
1649 2834 1866 2900 favoni
1975 2846 1980 2853 ’

548 2988 553 2995 ,
612 2951 732 2994 nec
767 2929 942 2995 saevi
977 2929 1207 2994 boreae
1244 2940 1354 2993 aut
1389 2929 1721 3019 apeliotae,
1783 2952 1836 2965 ⁷·
1875 2950 1884 2971 2
2501 2956 2528 2969 a»
2583 2907 2606 2957 i

1412 3014 1513 3036 „„„„„„

615 3138 653 3181 o
690 3125 951 3181 ventum
987 3115 1352 3181 horribilem
1390 3125 1583 3198 atque
1618 3116 2043 3201 pestilentem!

1220 3429 1521 3497 XXVII.

614 3547 913 3613 Minister
947 3549 1145 3614 vetuli
1180 3572 1338 3636 puer
1371 3549 1651 3626 Falerni,

609 3644 793 3727 inger
826 3642 913 3706 mi
948 3643 1173 3708 calices
1209 3645 1568 3720 amariores,

611 3746 685 3800 ut
717 3737 820 3801 lex
854 3737 1222 3801 Postumiae
1256 3738 1431 3801 iubet
1466 3737 1830 3823 magistrae,

614 3830 862 3895 ebrioso
898 3830 1080 3895 acino
1116 3829 1494 3895 ebriosioris.

613 3934 679 3988 at
712 3945 823 3988 vos
860 3945 986 4008 quo
1021 3925 1198 3989 lubet
1230 3923 1378 3988 hinc
1413 3925 1602 4001 abite,
1639 3924 1958 4011 lymphae,
2432 3943 2476 3998 5

617 4017 744 4081 vini
782 4018 1111 4103 pernicies,
1151 4028 1214 4082 et
1249 4018 1330 4081 ad
1369 4040 1622 4083 severos

611 4111 904 4196 migrate:
949 4112 1053 4177 hic
1086 4134 1298 4176 merus
1335 4121 1431 4176 est
1464 4112 1900 4198 Thyonianus.
