3225 5171
1172 355 1193 392 ί

793 453 881 519 60
1650 467 1991 525 CATULLI

790 600 902 655 aut
934 587 1092 655 nihil
1127 600 1237 655 aut
1271 590 1489 676 paullo
1525 590 1629 656 cui
1664 599 1801 656 tum
1837 590 2184 657 concedere
2220 592 2417 677 digna
2481 607 2496 616 ⁴

875 685 988 749 lux
1022 706 1167 749 mea
1202 707 1270 750 se
1304 695 1591 752 nostrum
1627 686 1890 750 contulit
1924 686 1989 749 in
2025 686 2359 772 gremium,

792 799 986 861 quam
1022 779 1523 845 circumcursans
1559 779 1708 843 hinc
1742 779 1917 845 illinc
1953 802 2143 865 saepe
2180 780 2440 865 Cupido

876 872 1167 959 fulgebat
1200 873 1453 938 crocina
1487 874 1795 938 candidus
1830 875 1898 938 in
1932 875 2163 939 tunica.

652 980 760 1036 135
790 986 954 1049 quae
989 977 1205 1032 tamen
1241 967 1359 1033 etsi
1393 989 1522 1032 uno
1556 989 1684 1032 non
1724 978 1820 1032 est
1854 978 2150 1033 contenta
2186 967 2468 1047 Catullo,

874 1084 1019 1126 rara
1051 1062 1452 1127 verecundae
1486 1062 1659 1127 furta
1693 1062 1968 1128 feremus
2005 1085 2170 1139 erae,

789 1176 871 1219 ne
906 1155 1174 1221 nimium
1211 1155 1407 1219 simus
1445 1156 1781 1220 stultorum
1816 1178 1992 1219 more
2028 1156 2299 1221 molesti.

879 1271 1070 1334 saepe
1107 1249 1298 1314 etiam
1332 1249 1519 1325 Iun0,
1555 1250 1834 1313 maxima
1869 1249 2261 1326 caelicolum,

791 1342 1080 1428 coniugis
1115 1342 1181 1406 in
1220 1342 1410 1426 culpa
1444 1343 1821 1427 flagrantem
1856 1342 2142 1406 contudit
2174 1342 2356 1418 iram,

652 1450 756 1505 140
871 1456 1138 1500 noscens
1175 1434 1476 1498 omnivoli
1510 1436 1784 1520 plurima
1818 1434 1991 1499 furta
2024 1435 2219 1500 Iovis·

790 1529 966 1612 atqui
999 1550 1118 1594 nec
1153 1528 1316 1593 divis
1349 1528 1636 1593 homines
1674 1528 2023 1615 conponier
2059 1538 2397 1613 aequumst

873 1808 1196 1894 ingratum
1229 1809 1484 1873 tremuli
1519 1808 1668 1874 tolle
1704 1808 1983 1894 parentis
2020 1830 2201 1872 onus.

788 1923 909 1966 nec
946 1912 1159 1966 tamen
1193 1902 1305 1967 illa
1339 1902 1491 1968 mihi
1530 1902 1755 1967 dextra
1792 1901 2065 1967 deducta
2099 1912 2366 1987 paterna

874 1996 1264 2081 fragrantem
1298 1997 1570 2081 Assyrio
1605 1996 1780 2060 venit
1814 1996 2006 2060 odore
2043 1996 2325 2073 domum,

651 2105 756 2161 145
790 2090 903 2155 sed
938 2090 1176 2154 furtiva
1211 2089 1387 2154 dedit
1418 2112 1562 2154 rara
1596 2090 1975 2153 munuscula
2010 2099 2215 2166 nocte,

873 2183 1073 2269 ipsius
1109 2206 1189 2248 ex
1226 2183 1367 2268 ipso
1404 2183 1662 2268 dempta
1695 2182 1814 2246 viri
1846 2182 2110 2267 gremio,

790 2298 986 2360 quare
1018 2277 1178 2340 illud
1213 2277 1364 2341 satis
1401 2288 1515 2353 est,
1553 2278 1607 2341 si
1642 2276 1824 2340 nobis
1860 2277 1913 2339 is
1951 2276 2138 2340 datur
2172 2275 2315 2339 unis

874 2392 1065 2454 quem
1100 2370 1311 2455 lapide
1344 2371 1451 2435 illa
1487 2371 1656 2435 diem
1692 2369 2055 2435 candidiore
2090 2380 2289 2434 notat.

793 2557 914 2623 hoc
950 2558 1065 2622 tibi
1101 2580 1230 2643 quo
1265 2557 1443 2644 potui
1481 2557 1846 2635 confectum
1881 2557 2159 2622 carmine
2195 2578 2428 2622 munus

656 2669 759 2723 150
877 2676 992 2738 pro
1029 2654 1263 2728 multis,
1299 2653 1455 2730 Alli,
1492 2652 1775 2718 redditur
1810 2652 2056 2728 officiis,

791 2770 873 2812 ne
908 2758 1188 2812 vestrum
1225 2747 1451 2812 scabra
1485 2757 1709 2832 tangat
1741 2746 2031 2830 robigine
2067 2745 2300 2810 nomen

877 2841 1035 2905 haec
1070 2852 1262 2925 atque
1296 2841 1406 2906 illa
1441 2841 1574 2905 dies
1612 2851 1802 2923 atque
1840 2840 1963 2904 alia
1999 2850 2189 2923 atque
2226 2839 2370 2903 alia.

791 2934 917 2999 huc
951 2935 1188 3000 addent
1221 2935 1352 2999 divi
1385 2957 1576 3019 quam
1615 2935 1888 3020 plurima
1921 2956 2085 3017 quae
2122 2934 2384 2998 Themis
2424 2933 2577 2999 olim

878 3030 1153 3112 antiquis
1190 3030 1373 3099 solita
1407 3040 1505 3094 est
1537 3050 1805 3093 munera
1838 3028 2005 3091 ferre
2040 3028 2180 3111 piis,

654 3136 758 3192 155
791 3123 927 3187 sitis
962 3123 1179 3188 felices
1214 3134 1279 3188 et
1312 3132 1384 3186 tu
1421 3123 1605 3187 simul
1644 3133 1708 3187 et
1743 3133 1853 3186 tua
1887 3122 2037 3198 vita,

878 3227 941 3281 et
977 3217 1200 3280 domus
1235 3217 1374 3302 ipsa
1407 3217 1475 3280 in
1510 3238 1639 3300 qua
1672 3216 1958 3292 lusimus,
1996 3227 2058 3279 et
2094 3215 2371 3292 domina,

709 3346 713 3351 v
791 3320 856 3374 et
889 3309 999 3394 qui
1034 3331 1228 3393 quam
1262 3311 1466 3395 primo
1500 3310 1685 3374 nobis
1721 3320 1952 3374 terram
1990 3307 2164 3373 dedit
2200 3308 2428 3386 aufert,

875 3427 916 3468 a
948 3424 1076 3486 quo
1113 3413 1259 3468 sunt
1294 3404 1500 3488 primo
1537 3415 1673 3468 tum
1709 3404 1921 3467 omnia
1955 3413 2105 3467 nata
2140 3402 2327 3478 bona,

790 3507 854 3564 et
884 3497 1075 3583 longe
1111 3510 1258 3564 ante
1293 3519 1512 3563 omnes
1547 3498 1703 3562 mihi
1740 3519 1903 3581 quae
1940 3519 2041 3560 me
2079 3495 2281 3560 carior
2317 3497 2541 3583 ipsost‚

653 3606 756 3660 160
873 3592 987 3656 lux
1020 3614 1186 3668 mea,
1223 3612 1353 3676 qua
1386 3592 1535 3657 viva
1569 3592 1783 3657 vivere
1820 3590 2005 3655 dulce
2039 3589 2273 3654 mihist.

1645 3825 1982 3834 ———-—

1680 4031 1945 4097 LXIX.
2468 4056 2632 4127 N„
2687 4016 2700 4027 χ

784 4153 936 4219 Noli
970 4130 1285 4231 admirari,
1323 4173 1520 4236 quare
1555 4151 1671 4215 tibi
1706 4152 1941 4216 femina
1973 4150 2168 4228 nulla,
2357 4148 2401 4235 ᾗ)

871 4247 1062 4324 Rufe,
1098 4248 1251 4314 velit
1285 4258 1571 4313 tenerum
1609 4245 2017 4331 supposuisse
2053 4245 2282 4321 femur,
