3225 5171
82 2595 801 2702 ,υηὶὼψρμ
1290 2569 1457 2637 XII.
1849 2491 2166 2723 &18
2263 2654 2390 2700 w*

2367 2681 2408 2716 Ην,
2451 2687 2514 2716 ,Es
2551 2705 2566 2714 .,
2651 2681 2664 2700 *
2709 2677 2718 2686 ’

372 2783 405 2802 7«
426 2774 469 2793 ’ἱ

95 2912 100 2916 .
178 2827 211 2878 Χ,
375 2868 423 2898 ι
411 2834 605 2892 A'Q

66 3069 429 3152 »ῥίψῃ-ιι,
462 3097 543 3138 eq
584 3123 635 3206 j
699 3065 997 3148 quamvis
1025 3064 1277 3129 sordida
1311 3087 1411 3129 res
1446 3075 1509 3129 et
1542 3064 1957 3129 invenustast.

506 2747 799 2784 εἰς’-’ἡχ-

1267 477 1499 537 LIBER

622 599 755 666 sive
790 609 965 664 trans
1001 600 1160 665 altas
1195 601 1522 685 gradietur
1555 600 1781 688 Alpes,

624 691 919 759 Caesaris
954 693 1164 758 visens
1199 694 1586 760 monimenta
1621 695 1857 781 magni,

623 785 946 854 Gallicum
981 786 1308 866 Rhenum,
1344 787 1644 855 horribile
1682 811 1947 874 aequor,
1999 787 2149 855 ulti-

621 903 887 965 mosque
922 881 1286 956 Britannos,

619 1068 832 1133 omnia
863 1068 1040 1144 haec,
1077 1088 1516 1151 quaecumque
1550 1068 1714 1133 feret
1748 1069 2042 1134 voluntas

621 1161 936 1239 caelitum,
972 1172 1281 1246 temptare
1315 1161 1505 1227 simul
1540 1162 1765 1246 parati,

618 1277 828 1340 pauca
859 1254 1146 1319 nuntiate
1182 1275 1361 1320 meae
1394 1255 1646 1340 puellae

618 1369 747 1412 non
782 1348 951 1412 bona
986 1347 1173 1413 dicta.

621 1556 766 1599 cum
802 1534 933 1599 suis
967 1533 1142 1597 vivat
1176 1534 1511 1617 valeatque
1546 1534 1848 1612 moechis,

619 1649 778 1711 quos
814 1626 998 1691 simul
1037 1628 1346 1711 conplexa
1380 1636 1553 1693 tenet
1586 1637 1922 1706 trecentos,

618 1720 863 1785 nullum
898 1742 1117 1784 amans
1152 1742 1321 1798 vere,
1359 1719 1473 1786 sed
1507 1719 1855 1787 identidem
1890 1722 2171 1787 omnium

616 1814 726 1879 ilia
759 1836 1088 1898 rumpens:

615 2023 735 2067 nec
758 2024 981 2066 meum
1014 2010 1344 2086 respectet,
1382 2011 1456 2065 ut
1491 2012 1659 2078 ante,
1698 2024 2001 2081 amorem,

618 2095 729 2179 qui
763 2095 931 2160 illius
968 2095 1158 2179 culpa
1193 2094 1420 2159 cecidit
1454 2093 1625 2158 velut
1662 2096 1825 2180 prati

608 2189 822 2253 ultimi
855 2189 992 2264 flos,
1028 2196 1470 2274 praetereunte
1505 2198 1843 2272 postquam

618 2293 822 2348 tactus
856 2290 1065 2346 aratro
1104 2292 1218 2346 est.
1943 2296 2077 2368 >s

780 2677 1069 2782 arrucine
1102 2691 1312 2800 Asini,
1348 2685 1544 2755 manu
1578 2679 1833 2778 sinistra

698 2803 825 2850 non
842 2777 1047 2865 belle
1060 2779 1252 2849 uteris
1287 2784 1353 2849 in
1388 2785 1539 2849 ioco
1562 2779 1754 2868 atque
1790 2783 1966 2849 vino·

697 2880 862 2944 tollis
900 2880 1090 2944 lintea
1124 2878 1692 2964 neglegentiorum.

699 2972 821 3037 hoc
856 2974 1091 3037 salsum
1126 2995 1263 3037 esse
1299 2972 1526 3056 putas?
1544 2970 1843 3064 Q&
1879 2970 2121 3056 inepte:

698 3182 826 3224 non
862 3159 1064 3224 credis
1100 3158 1298 3223 mihi?
1334 3159 1518 3223 crede
1553 3157 1830 3222 Pollioni

600 3317 633 3332 „
689 3252 898 3330 fratri,
935 3252 1042 3336 qui
1079 3263 1187 3316 tua
1223 3251 1392 3315 furta
1426 3252 1525 3317 vel
1563 3252 1799 3317 talento

586 3331 931 3411 “5*.2*=2mutari
967 3345 1146 3411 velit.
1184 3357 1281 3410 est
1315 3345 1481 3410 enim
1524 3347 1833 3433 leporum
1883 3385 1893 3394 ‹
1981 3343 1992 3364 ‘

390 3455 395 3486 ²
480 3495 613 3542 .:⁴<‘
682 3439 970 3532 ‘disertus
1007 3463 1164 3525 puer
1200 3462 1275 3504 ac
1309 3439 1701 3505 facetiarum.
1759 3469 1796 3488 ἰ

701 3557 896 3618 quare
933 3544 1043 3598 aut
1075 3533 1637 3622 hendecasyllabos
1674 3543 1984 3598 trecentos

703 3638 967 3713 expecta
1001 3638 1111 3691 aut
1147 3627 1299 3690 mihi
1334 3627 1596 3692 linteum
1633 3627 1901 3703 remitte,

697 3721 871 3805 quod
903 3743 1006 3785 me
1041 3742 1168 3784 non
1203 3730 1416 3785 movet
1448 3719 1902 3796 aestimatione,
1965 3734 2030 3777 υ

701 3837 921 3879 verum
959 3824 1054 3878 est
1087 3836 1571 3897 mnemosynum
1607 3812 1729 3876 mei
1768 3811 2017 3877 sodalis.

696 3931 845 3972 nam
882 3906 1135 3971 sudaria
1170 3904 1450 3972 Saetaba
1486 3929 1566 3971 ex
1601 3904 1861 3969 Hiberis

700 4001 1007 4066 miserunt
1040 3999 1195 4064 mihi
1229 4000 1476 4076 muneri
1509 3999 1821 4063 Fabullus

703 4106 765 4159 et
798 4094 1144 4162 Veranius:
1181 4094 1340 4158 haec
1375 4116 1582 4159 amem
1618 4100 1938 4157 necessest

701 4198 774 4252 ut
807 4188 1218 4257 Veraniolum
1254 4210 1467 4252 meum
1506 4198 1568 4253 et
1601 4185 1969 4251 Fabullum.

2444 707 2536 764 102

2446 1268 2536 1324 15-

2251 2811 2310 2851 [fx.

2071 3715 2178 3746 stt
2219 3715 2224 3724 ⁸

2440 4012 2529 4068 15⁴
