3225 5171
1195 442 1649 487 PROLEGOMENA
1683 462 1686 465 ’
2413 445 2519 485 LIX

340 559 706 633 deducimur,
755 562 919 619 cuius
955 562 1124 619 initio
1162 580 1287 621 sese
1323 564 1385 619 in
1423 561 1683 621 Galliam
1720 564 2039 621 citeriorem
2078 562 2155 619 ad
2190 570 2517 621 conventus

344 645 607 723 agendos
642 645 970 724 profectum
1004 665 1131 705 esse
1165 648 1291 725 ipse
1325 653 1571 706 testatur
1601 647 1737 706 bell.
1766 646 1922 706 Gall.
1952 647 2076 706 VII
2106 650 2159 703 1.
2213 647 2320 705 sub
2357 646 2516 706 idem

344 733 526 807 igitur
566 738 798 808 tempus
844 729 1095 789 Calvum
1138 750 1373 810 quoque
1416 733 1481 790 in
1523 732 1776 807 gratiam
1821 751 1953 790 cum
1999 730 2252 791 Caesare
2295 731 2516 791 redisse

341 818 724 894 suspicamur.
796 814 899 874 sed
944 834 1078 874 eum
1120 835 1227 894 per
1271 814 1569 874 Catullum
1614 837 1746 874 cum
1796 818 2147 895 imperatore
2192 816 2265 875 de
2315 835 2516 876 recon-

341 901 644 960 ciliatione
679 901 870 976 egisse
902 903 1156 978 permira
1190 907 1279 960 est
1313 903 1648 960 coniectura
1683 900 1978 959 Schwabii
2011 921 2067 979 p.
2098 902 2237 958 237.
2300 904 2515 960 etenim

345 984 550 1058 Calvo,
596 986 712 1042 viri
744 987 1023 1062 praetorii
1058 985 1181 1044 filio
1219 1004 1296 1044 ex
1331 988 1574 1064 antiqua
1611 993 1787 1060 gente
1819 986 2055 1044 Licinia
2089 994 2266 1064 atque
2301 989 2514 1045 oratori

342 1070 691 1141 clarissimo,
754 1070 941 1128 multo
993 1073 1289 1147 graviores
1341 1069 1503 1129 haud
1554 1071 1732 1129 dubie
1785 1070 2191 1148 deprecatores
2252 1070 2515 1142 aderant,

342 1174 537 1234 neque
571 1157 622 1214 is
657 1154 916 1215 habebat
951 1175 1054 1214 cur
1088 1155 1164 1213 ad
1197 1156 1496 1214 hominem
1522 1157 1940 1214 amicissimum
1969 1155 2209 1235 quidem
2244 1156 2373 1225 sibi,
2414 1155 2517 1215 sed

343 1240 763 1318 municipalem
798 1259 992 1318 neque
1025 1243 1088 1299 in
1121 1260 1186 1299 re
1229 1240 1468 1319 publica
1502 1249 1800 1299 versatum
1846 1242 2205 1316 confugeret.
2277 1242 2513 1300 omnino

341 1333 541 1384 autem
575 1327 660 1383 ita
695 1327 994 1398 sentimus,
1033 1323 1304 1397 Calvum,
1341 1324 1835 1404 quemadmodum
1863 1324 2163 1384 Catullum
2190 1325 2268 1383 ad
2294 1326 2515 1385 bellum

344 1418 549 1469 contra
572 1412 766 1488 ipsum
793 1409 1102 1469 Caesarem
1130 1409 1567 1489 suscipiendum
1592 1412 1929 1470 incitavisse
1955 1410 2204 1483 videtur,
2243 1412 2327 1469 sic
2354 1413 2516 1488 prius

344 1497 636 1573 incepisse
680 1494 754 1554 de
799 1515 943 1573 pace
986 1515 1122 1554 cum
1166 1495 1268 1554 illo
1314 1494 1588 1554 facienda
1633 1498 1892 1572 cogitare
1934 1502 1993 1554 et
2027 1497 2216 1553 amico
2258 1505 2326 1553 ut
2357 1495 2516 1555 idem

342 1580 656 1639 consilium
699 1580 876 1639 iniret
918 1588 1214 1641 auctorem
1258 1578 1455 1640 fuisse.
1526 1599 1721 1659 neque
1765 1582 1920 1639 enim
1955 1579 2255 1640 Brunerus
2296 1601 2353 1659 p.
2393 1581 2514 1637 642

344 1665 490 1723 mihi
533 1664 711 1723 fidem
759 1664 913 1737 fecit,
960 1668 1062 1743 qui
1107 1665 1408 1724 Catullum
1451 1668 1784 1743 suspicatur
1827 1686 1864 1723 a
1905 1672 2073 1744 patre
2115 1667 2339 1724 iussum
2392 1683 2518 1724 esse

341 1752 684 1829 imperatori
724 1750 998 1809 Veronae
1050 1752 1434 1809 commoranti
1485 1752 1627 1808 satis
1680 1748 1888 1809 facere.
1962 1770 2102 1808 nam
2154 1751 2204 1808 si
2257 1751 2517 1809 severius

345 1837 584 1894 omnino
630 1841 797 1913 pater
841 1854 1104 1894 coercere
1146 1835 1431 1894 voluisset
1474 1834 1680 1904 filium,
1735 1853 1867 1893 eum
1913 1837 2127 1907 statim,
2180 1843 2340 1913 puto,
2386 1843 2520 1914 post

343 1919 676 1998 publicatos
710 1926 903 1979 truces
938 1921 1164 1979 iambos
1210 1922 1486 1978 carminis
1521 1919 1747 1978 XXIX
1781 1921 2065 1977 vetuisset
2106 1939 2265 1978 nova
2298 1919 2421 1978 tela
2454 1922 2520 1978 in

344 2004 658 2065 Caesarem
684 2007 930 2063 mittere.
994 2004 1246 2063 Calvum
1273 2022 1414 2062 vero
1441 2004 1616 2063 facile
1643 2003 1718 2061 ad
1747 2002 2105 2061 credendum
2131 2010 2220 2061 est
2244 2006 2518 2062 maximis

344 2088 533 2148 turbis
560 2098 693 2167 post
719 2088 959 2148 caedem
986 2089 1056 2147 P.
1088 2087 1282 2148 Clodii
1309 2089 1534 2146 Romae
1563 2091 1775 2146 coortis
1802 2095 1860 2146 et
1884 2089 2131 2145 instanti
2157 2087 2300 2146 belli
2328 2088 2518 2146 civilis

343 2175 603 2253 periculo
638 2172 959 2232 adductum
995 2191 1122 2231 esse
1153 2179 1220 2230 ut
1251 2171 1724 2231 reconciliandae
1759 2171 1873 2230 sibi
1907 2174 2275 2251 imperatoris
2318 2180 2519 2252 poten-

342 2261 557 2317 tissimi
608 2261 836 2335 gratiae
895 2259 1269 2336 prospiceret.
1347 2264 1605 2315 ceterum
1666 2256 1978 2317 Caesarem
2039 2266 2182 2317 tunc
2240 2260 2520 2336 temporis

344 2343 678 2404 Galliarum
732 2344 910 2401 etiam
970 2340 1376 2419 proconsulem
1437 2342 1620 2400 fuisse
1672 2361 1745 2400 ex
1805 2344 1947 2421 ipsis
2003 2341 2272 2401 Suetonii
2321 2343 2519 2402 verbis

342 2428 549 2504 colligi
577 2434 785 2505 potest,
822 2428 927 2505 qui
953 2445 1087 2485 eum
1115 2424 1300 2485 Calvo
1325 2425 1478 2485 ultro
1506 2446 1577 2484 ac
1601 2429 1856 2504 priorem
1892 2429 2266 2505 scripsisse
2299 2436 2519 2486 narrat.

343 2511 571 2571 tardius
607 2518 803 2570 autem
838 2531 1015 2591 quam
1051 2513 1254 2590 primis
1290 2511 1589 2570 mensibus
1627 2515 1770 2571 anni
1800 2505 2026 2592 702s52
2058 2511 2277 2572 Calvus
2313 2521 2372 2572 et
2408 2513 2519 2572 Ca-

343 2598 526 2657 tullus
560 2599 666 2655 vix
700 2600 762 2655 in
798 2599 1050 2674 gratiam
1085 2618 1215 2656 cum
1253 2597 1505 2658 Caesare
1539 2601 1849 2657 revertisse
1883 2606 2146 2677 possunt,
2193 2602 2243 2657 si
2278 2598 2518 2678 quidem

344 2690 657 2762 utrumque
692 2682 898 2741 eodem
934 2683 1057 2741 fere
1092 2693 1352 2761 tempore
1387 2685 1452 2742 in
1486 2702 1610 2743 rem
1637 2685 1969 2761 ingressum
2006 2703 2132 2743 esse
2161 2684 2516 2757 conceditur,

345 2770 614 2847 primum,
653 2769 793 2846 quia
829 2767 1140 2827 Caesarem
1175 2768 1491 2827 Suetonius
1525 2768 1707 2826 tradit
1739 2777 1873 2847 post
1913 2776 2124 2846 poetae
2157 2769 2516 2827 Veronensis

349 2853 808 2912 satisfactionem
843 2852 1097 2931 hospitio
1125 2856 1310 2930 patris
1337 2856 1463 2912 eius
1490 2856 1578 2910 uti
1602 2871 2023 2931 perseverasse,
2061 2873 2178 2931 quo
2205 2852 2372 2911 illum
2397 2872 2518 2911 non

346 2956 472 2997 esse
506 2958 678 2996 usum
711 2941 829 2997 nisi
857 2937 996 2997 dum
1023 2937 1252 2997 Gallias
1286 2944 1520 3013 regeret
1552 2936 1931 2995 manifestum
1965 2944 2070 3009 est,
2109 2935 2341 3010 deinde,
2379 2941 2518 3016 quia

348 3021 618 3081 Catullus
651 3042 773 3081 non
807 3026 894 3081 ita
926 3023 1110 3082 multo
1146 3029 1279 3101 post
1313 3028 1541 3100 oportet
1575 3020 1650 3080 de
1682 3024 1810 3079 vita
1845 3020 2174 3081 decesserit.
2229 3029 2405 3101 atque
2441 3022 2519 3080 ad

344 3106 501 3165 hanc
535 3109 937 3184 quaestionem
972 3128 1130 3166 nunc
1162 3105 1589 3165 transeundum
1622 3113 1725 3165 est.

474 3190 876 3267 Hieronymus
901 3191 979 3250 ad
1005 3211 1227 3250 annum
1253 3189 1399 3249 Abr.
1424 3192 1605 3262 1959,
1634 3194 1675 3250 i.
1704 3209 1753 3249 e.
1784 3185 2031 3267 696l58,
2069 3198 2186 3264 aut,
2215 3192 2265 3249 si
2291 3191 2520 3251 codices

344 3277 405 3333 A
428 3276 481 3334 P
509 3275 563 3332 F
593 3275 871 3333 Schoenii
898 3280 1206 3354 sequimur,
1246 3274 1322 3333 ad
1354 3276 1533 3348 1960,
1570 3279 1610 3335 i.
1641 3294 1689 3334 e.
1720 3271 1966 3352 697s57,
2005 3275 2151 3335 haec
2178 3275 2518 3355 adscripsit:

347 3359 647 3421 ‘Catullus
679 3359 871 3417 XXX
907 3363 1114 3419 aetatis
1149 3380 1305 3418 anno
1337 3360 1562 3420 Romae
1596 3360 1887 3419 moritur’.
1923 3378 2054 3419 eam
2086 3363 2365 3439 temporis
2400 3378 2520 3438 quo

346 3452 522 3524 poeta
545 3452 790 3503 mortem
817 3445 1029 3503 obierit
1055 3443 1457 3503 definitionem
1483 3465 1603 3504 non
1629 3452 1787 3504 recte
1813 3464 1876 3505 se
1900 3444 2118 3505 habere
2138 3448 2292 3505 inter
2316 3465 2519 3505 omnes

349 3538 591 3602 constat,
631 3532 909 3608 quoniam
946 3536 1166 3587 certum
1202 3537 1290 3587 est
1316 3548 1347 3588 e
1374 3529 1733 3588 carminibus
1764 3529 2118 3589 Catullianis
2146 3530 2305 3588 haud
2332 3551 2522 3608 pauca

348 3619 520 3673 annis
559 3612 784 3691 699s55
817 3622 875 3673 et
905 3614 1132 3687 700,‘54
1161 3616 1377 3690 scripta
1412 3632 1554 3673 esse.
1608 3622 1813 3673 contra
1848 3613 2007 3693 quod
2042 3615 2516 3692 chronographus

350 3718 483 3759 eum
518 3702 811 3758 tricesimo
846 3702 1056 3757 aetatis
1102 3718 1258 3756 anno
1293 3698 1517 3758 Romae
1552 3718 1627 3757 ex
1661 3702 1791 3757 vita
1824 3718 2125 3775 egressum
2160 3718 2286 3757 esse
2319 3698 2516 3772 tradit,

347 3783 412 3842 id
439 3784 590 3843 nihil
618 3791 706 3843 est
729 3804 832 3842 cur
856 3802 1138 3860 negemus
1162 3801 1366 3842 verum
1392 3802 1534 3856 esse,
1563 3786 1907 3861 praesertim
1933 3803 2066 3842 cum
2090 3792 2523 3862 praematuram

346 3877 554 3947 poetae
595 3870 956 3929 Veronensis
1009 3875 1254 3927 mortem
1307 3870 1485 3926 etiam
1529 3866 1785 3927 Ovidius
1835 3886 2101 3927 amorum
2141 3869 2243 3927 111
2288 3870 2323 3926 9
2364 3870 2440 3926 61
2472 3889 2524 3928 s.

347 3961 590 4012 testetur
637 3953 730 4012 his
783 3953 1009 4012 verbis:
1066 3952 1301 4012 ‘obvius
1362 3951 1501 4011 huic
1553 3950 1850 4027 (Tibullo)
1901 3954 2109 4011 venias
2169 3951 2261 4027 (in
2310 3953 2521 4031 Elysia

346 4035 548 4109 valle),
601 4038 823 4097 hedera
873 4037 1231 4098 iuvenilia
1275 4040 1500 4096 cinctus
1544 4037 1858 4116 Tempora,
1914 4059 2045 4097 cum
2091 4036 2294 4111 Calvo,
2351 4038 2522 4099 docte

349 4121 600 4194 Catulle,
640 4123 775 4182 tuo)
845 4131 1021 4203 atque
1056 4124 1425 4200 transcripsit
1457 4126 1572 4181 ista
1596 4123 2000 4200 Hieronymus
2033 4122 2193 4181 haud
2230 4122 2406 4183 dubie
2442 4143 2520 4184 ex

348 4206 617 4266 Suetonii
645 4227 819 4286 opere
847 4209 1002 4288 quod
1031 4216 1156 4269 erat
1183 4207 1257 4268 de
1283 4208 1427 4267 viris
1455 4208 1815 4268 inlustribus.
1868 4211 2067 4289 itaque
2083 4208 2522 4292 LachmannuS,
