3225 5171
693 512 907 556 LXXXII
1563 511 2019 554 PROLEGOMENA

693 640 922 712 partem
958 638 1229 710 putamus
1274 649 1475 690 eorum
1509 630 1933 690 vocabulorum
1971 629 2304 689 ducendam
2341 649 2468 690 6336
2502 650 2656 711 quae
2699 630 2883 691 hodie

697 718 857 798 apud
902 715 1200 776 Catullum
1243 715 1431 775 solum
1474 715 1755 793 leguntur
1797 725 1899 775 aut
1941 716 2218 774 inferiore
2266 715 2501 775 demum
2547 716 2880 776 litterarum

696 799 1046 862 Latinarum
1091 809 1283 860 aetate
1327 820 1525 860 rursus
1570 809 1907 880 conparent.
1980 821 2225 880 quorum
2268 822 2391 860 non
2435 801 2602 860 nulla
2637 801 2877 881 quidem

697 887 1004 967 probabile
1053 896 1141 946 est
1185 885 1259 944 ab
1305 888 1432 964 ipso
1477 893 1699 945 novata
1742 904 1885 958 esse,
1933 887 1997 945 in
2042 888 2245 964 primis
2278 888 2649 962 falsiparens,
2688 890 2875 945 lasar—

690 976 897 1050 picifer
947 980 1007 1032 et
1057 972 1273 1031 similia
1323 970 1614 1050 quaedam
1668 991 1800 1031 cum
1858 970 2085 1031 Graeco
2138 974 2377 1031 nomine
2427 971 2687 1030 Nereine.
2770 972 2875 1032 sed

697 1058 819 1118 alia
852 1065 1111 1117 veterem
1145 1056 1509 1132 tragoediam
1537 1056 1823 1129 redolent,
1861 1075 1953 1116 ex.
1983 1076 2067 1133 gr.
2097 1058 2367 1127 iustificus
2403 1059 2677 1133 amplifice
2707 1060 2882 1128 fluen-

697 1147 911 1203 tisonus
955 1146 1360 1216 nemorivayus.
1430 1142 1604 1220 plura
1649 1145 1826 1201 etiam
1871 1140 2117 1220 adparet
2159 1140 2497 1201 comoediae
2532 1141 2736 1202 deberi
2772 1151 2880 1201 aut

699 1231 955 1291 sermoni
998 1227 1279 1286 familiari
1315 1226 1413 1286 vel
1456 1226 1693 1305 plebeio
1729 1228 1914 1305 ipsius
1949 1228 2227 1305 temporis
2266 1225 2591 1286 Catulliani
2626 1248 2663 1286 a
2698 1231 2876 1286 comi-

698 1334 898 1374 corum
943 1331 1209 1373 sermone
1254 1315 1362 1370 vix
1406 1311 1656 1370 multum
1701 1311 2014 1384 differenti,
2061 1311 2226 1371 velut
2275 1315 2651 1388 caprimulqus
2688 1316 2877 1388 sepul—

700 1409 905 1458 cretum
930 1401 1211 1472 aryutatio
1247 1397 1587 1473 tepefactare
1615 1407 1995 1472 suppernatus
2023 1406 2201 1476 atque
2228 1397 2483 1457 obscena
2507 1400 2624 1456 ista
2652 1409 2880 1456 trusare

687 1486 1032 1561 perdepsere
1077 1485 1394 1556 confutuere
1437 1483 1713 1555 ecfutuere
1757 1477 1941 1561 (quod
1984 1482 2231 1540 verbum
2276 1486 2452 1541 etiam
2507 1487 2573 1541 in
2621 1481 2875 1543 disticho

696 1572 985 1648 reperitur
1020 1587 1058 1626 a
1081 1566 1372 1625 militibus
1400 1565 1775 1626 Caesarianis
1811 1586 1915 1644 per
1943 1566 2238 1628 Gallicum
2266 1568 2628 1646 triumphum
2657 1571 2873 1628 iactato

698 1653 859 1733 apud
885 1654 1123 1714 Sueton.
1141 1652 1254 1711 Iul.
1277 1650 1383 1729 51)
1413 1661 1715 1728 eoepatrare
1744 1653 1950 1725 fututio
1986 1654 2269 1726 defututus
2306 1655 2595 1729 diffututus
2621 1655 2875 1729 peditum

697 1747 758 1800 et
789 1738 854 1797 id
887 1757 1074 1815 genus
1118 1736 1364 1816 reliqua.
1433 1755 1630 1816 neque
1671 1736 1746 1795 ab
1791 1736 1903 1796 hoc
1948 1756 2190 1796 numero
2236 1737 2431 1796 aliena
2467 1745 2605 1796 sunt
2639 1737 2873 1797 Graeca

698 1823 989 1904 quaedam
1023 1822 1317 1882 vocabula
1350 1826 1569 1902 quippe
1606 1821 1769 1880 haud
1804 1820 1982 1881 dubie
2016 1825 2082 1880 in
2119 1826 2415 1881 communi
2448 1831 2576 1880 tum
2606 1841 2872 1882 sermone

696 1912 853 1981 trita,
892 1917 959 1968 ut
992 1928 1394 1984 mnemosynum
1430 1910 1740 1983 epistolium
1776 1909 2155 1983 catayraphus
2188 1910 2395 1965 mimice
2429 1906 2551 1985 (cui
2588 1907 2872 1967 adverbio

697 1994 916 2054 similia
959 1997 1101 2053 satis
1146 1993 1334 2051 multa
1365 1992 1618 2051 Plautus
1657 1991 1853 2065 habet,
1900 1991 2053 2051 conf.
2089 1992 2417 2051 Lorenzius
2452 1993 2529 2050 ad
2564 1993 2685 2051 mil.
2724 1993 2871 2069 glor.

700 2079 865 2157 212).
935 2078 1312 2139 memorabile
1357 2085 1553 2137 autem
1598 2086 1689 2136 est
1730 2097 1914 2136 unum
1949 2077 2306 2137 vocabulum
2341 2085 2576 2156 poetam
2612 2097 2645 2137 e
2678 2080 2877 2157 patria

696 2168 1006 2244 provincia
1049 2163 1384 2237 adduxisse,
1429 2183 1571 2221 nam
1611 2166 1906 2239 ploxenum
1939 2181 2072 2222 eum
2108 2165 2264 2221 circa
2296 2162 2530 2221 Padum
2564 2166 2872 2223 invenisse

696 2257 944 2309 testatur
979 2248 1386 2322 Quintilianus
1419 2248 1453 2306 I
1491 2248 1527 2305 5
1567 2249 1624 2306 8.
1697 2250 1794 2306 cui
1837 2250 2065 2307 nomini
2109 2247 2356 2308 fortasse
2399 2247 2736 2307 addendum
2775 2250 2874 2305 ba-

697 2337 838 2393 sium
872 2332 1031 2408 (cum
1066 2333 1205 2391 inde
1240 2332 1506 2392 deductis
1542 2334 1764 2391 basiare
1799 2341 1858 2392 et
1892 2331 2169 2409 basiatio),
2216 2332 2376 2412 quod
2410 2354 2532 2392 11011
2567 2335 2874 2392 invenitur

697 2428 836 2479 ante
872 2417 1171 2477 Catullum
1215 2436 1407 2497 neque
1441 2416 1724 2476 Latinam
1768 2421 2009 2496 stirpem
2055 2418 2249 2490 habet,
2297 2417 2402 2477 sed
2445 2418 2756 2497 paullatim
2804 2421 2874 2478 in

698 2522 965 2565 sermone
1017 2502 1254 2580 vulgari
1306 2502 1453 2561 adeo
1507 2502 1732 2562 evaluit
1772 2510 1841 2561 ut
1882 2506 1947 2560 in
1992 2522 2193 2562 omnes
2244 2503 2481 2580 linguas
2534 2523 2610 2563 ex
2651 2504 2877 2562 Latina

699 2598 856 2650 ortas
880 2591 1173 2662 transiret,
1211 2608 1330 2668 qua
1365 2587 1438 2647 de
1471 2607 1536 2647 16
1571 2587 1898 2666 disputavit
1922 2589 2223 2666 Hauptius
2250 2609 2445 2667 opusc.
2474 2590 2557 2662 II,
2589 2611 2646 2668 p.
2681 2590 2799 2647 109
2824 2610 2871 2648 3.

700 2675 852 2736 conf.
898 2674 1057 2733 idem
1100 2673 1262 2753 apud
1302 2672 1619 2750 Belgerum
1652 2694 1709 2752 p.
1748 2674 1889 2731 244.
1966 2694 2139 2752 Ρο110
2196 2674 2504 2732 familiaris
2549 2684 2608 2734 et
2650 2674 2873 2753 plebeii

698 2764 980 2821 sermonis
1038 2762 1339 2838 proprium
1401 2777 1527 2818 6336
1576 2778 1750 2817 11311111
1810 2761 2115 2817 nominum
2168 2758 2664 2818 deminutivorum
2715 2762 2877 2819 inter

698 2865 899 2907 01111163
943 2852 1186 2905 constat.
1257 2845 1471 2924 quibus
1513 2850 1691 2922 poeta
1734 2843 2094 2903 Veronensis
2139 2851 2197 2903 et
2240 2844 2622 2904 substantivis
2665 2851 2725 2903 61
2768 2844 2873 2903 ad-

695 2932 928 2993 iectivis
971 2951 1151 3010 quam
1201 2933 1460 2989 maxime
1505 2928 1828 2988 delectatus
1874 2936 1978 3002 est,
2033 2929 2327 3008 habetque
2379 2929 2705 3007 singularia
2746 2950 2871 2989 non

698 3037 903 3097 pauca,
940 3015 1127 3075 veluti
1167 3018 1391 3089 femella
1425 3017 1710 3072 lenticulas
1747 3017 2016 3071 saviolum
2051 3017 2357 3072 scortillum
2392 3018 2648 3073 aridulus
2684 3017 2872 3073 erudi-

697 3106 847 3161 tulus
870 3105 1139 3160 lassulus·
1192 3098 1313 3159 vid.
1332 3099 1515 3159 index
1542 3103 1958 3176 grammaticus
1984 3119 2027 3158 3.
2045 3120 2102 3157 v.
2134 3099 2569 3158 ‘deminutiva'.
2625 3099 2873 3179 adparet

695 3196 893 3246 autem
931 3206 1106 3265 quam
1143 3192 1317 3263 aptae
1350 3183 1498 3243 tales
1533 3203 1709 3243 voces
1746 3187 1829 3243 eis
1864 3186 2232 3263 potissimum
2257 3184 2480 3243 fuerint
2507 3185 2873 3245 carminibus

695 3274 761 3331 in
796 3270 1010 3349 quibus
1043 3268 1311 3329 Catullus
1345 3271 1611 3347 proprios
1648 3271 1832 3328 animi
1868 3270 2109 3328 affectus
2144 3273 2447 3348 expressit.
2502 3274 2719 3329 etenim
2747 3290 2872 3329 non

697 3356 886 3416 solum
920 3374 1083 3413 amor
1117 3363 1175 3414 et
1210 3353 1515 3413 inclinatio
1543 3354 1866 3413 voluntatis
1902 3361 1962 3414 et
1994 3354 2261 3414 hilaritas
2287 3355 2623 3434 similesque
2658 3363 2873 3430 11101113,

696 3441 802 3501 sed
837 3442 1014 3499 etiam
1049 3442 1153 3520 qui
1194 3439 1288 3497 his
1325 3445 1462 3497 sunt
1505 3441 1784 3498 contrarii
1828 3438 2206 3499 deminutivis
2243 3440 2569 3517 significari
2603 3446 2873 3519 possunt,

695 3527 1133 3605 efficaciterque
1169 3523 1486 3584 admodum
1531 3527 1597 3582 in
1644 3525 2001 3584 carminibus
2035 3525 2222 3584 XXV
2256 3534 2315 3584 et
2347 3525 2529 3584 LVII
2564 3545 2636 3584 66
2672 3546 2875 3585 cumu-

692 3611 844 3671 lavit
885 3618 1062 3689 poeta
1102 3610 1181 3669 ad
1223 3608 1737 3689 perstringendam
1771 3609 1974 3668 Thalli
2017 3616 2077 3669 et
2112 3609 2381 3670 Caesaris
2415 3611 2876 3689 Mamurraeque

692 3696 1015 3757 mollitiem.
1104 3695 1275 3773 vulgi
1327 3694 1811 3755 consuetudinem
1856 3694 2123 3754 Catullus
2169 3697 2346 3754 etiam
2386 3699 2454 3753 in
2508 3714 2575 3755 eo
2628 3697 2876 3754 retinuit

694 3781 853 3862 quod
897 3784 1214 3857 puyz‘llaria
1264 3780 1607 3840 neutraliter
1661 3780 1831 3853 dixit,
1886 3800 2063 3859 quam
2108 3780 2182 3839 ob
2234 3799 2360 3839 rem
2404 3788 2551 3839 teste
2598 3779 2874 3839 Charisio

692 3888 750 3947 p.
789 3868 868 3925 97
896 3867 995 3938 K,
1046 3870 1213 3925 cuius
1258 3865 1442 3925 verba
1477 3865 1777 3943 Hauptius
1823 3884 2019 3944 opusc.
2065 3866 2149 3939 II,
2187 3885 2242 3943 p.
2283 3866 2361 3924 68
2400 3885 2473 3924 ss,
2510 3865 2873 3939 inlustravit,

693 3952 768 4012 ab
804 3952 1018 4010 Asinio
1061 3951 1337 4011 Pollione
1380 3954 1447 4009 in
1491 3952 1910 4010 commentario
1955 3951 2341 4028 reprehensus
2386 3958 2492 4009 est.
2564 3954 2684 4009 iam
2728 3970 2878 4010 vero

694 4036 772 4096 ad
824 4038 1108 4114 syntaxin
1159 4043 1224 4096 ut
1274 4045 1657 4107 transeamuS,
1713 4037 1818 4094 vix
1868 4039 2150 4114 pauciora
2192 4036 2279 4095 ibi
2324 4036 2501 4113 prisci
2551 4042 2608 4095 et
2650 4035 2876 4114 plebeii

694 4124 977 4183 sermonis
1019 4123 1274 4199 vestigia
1319 4119 1832 4200 deprehendimus
1917 4140 2434 4180 commemoramus
2479 4123 2722 4179 nomina
2772 4121 2876 4179 ab·

695 4214 914 4266 stracta
971 4225 1148 4285 saepe
1209 4206 1284 4265 de
1344 4206 1681 4265 hominibus
1744 4205 2029 4279 adhibita,
2100 4225 2253 4284 quae
2314 4226 2593 4283 magnam
2642 4212 2878 4284 partem

693 4292 1032 4368 comoediae
1085 4294 1425 4351 memoriam
1471 4291 1643 4351 nobis
1689 4290 1981 4365 adferunt,
2036 4290 2203 4351 velut
2255 4295 2406 4349 iocus
2450 4301 2650 4366 stupor
2700 4294 2896 4369 lutum*
