3225 5171
1249 459 1483 526 LIBER

434 605 560 648 neu
592 605 696 647 me
732 581 939 648 odisse
973 591 1158 669 putes
1192 580 1460 667 hospitis
1496 580 1798 659 officium,

350 677 589 761 accipe,
625 677 766 759 quis
803 699 1039 741 merser
1072 676 1365 740 fortunae
1400 675 1696 740 fluctibus
1732 675 1890 759 ipse,

436 792 518 834 ne
552 772 822 856 amplius
859 793 899 835 a
930 771 1159 835 misero
1196 770 1364 834 dona
1397 770 1586 834 beata
1621 779 1820 854 petas.

352 874 634 949 tempore
669 887 797 948 quo
831 865 1107 951 primum
1143 864 1335 928 vestis
1372 862 1527 927 mihi
1563 863 1792 926 tradita
1824 871 2065 947 purast,

437 959 785 1022 iucundum
822 980 967 1023 cum
1003 968 1177 1022 aetas
1213 957 1436 1021 florida
1469 979 1582 1021 ver
1618 967 1854 1040 ageret,

354 1051 555 1116 multa
588 1052 740 1116 satis
776 1052 928 1116 lusi:
965 1073 1093 1115 non
1130 1061 1225 1115 est
1259 1051 1379 1116 dea
1412 1051 1625 1115 nescia
1660 1050 1857 1113 nostri

440 1166 608 1228 quae
645 1146 896 1210 dulcem
934 1145 1100 1210 curis
1134 1145 1356 1209 miscet
1391 1143 1771 1208 amaritiem:

356 1239 469 1303 sed
504 1250 706 1303 totum
743 1237 865 1303 hoc
900 1238 1180 1302 studium
1215 1238 1393 1303 luctu
1428 1238 1709 1301 fraterna
1742 1235 1898 1300 mihi
1933 1258 2101 1301 mors

442 1332 721 1397 abstulit..
810 1353 849 1395 o
883 1332 1113 1397 misero
1149 1331 1345 1396 frater
1380 1332 1675 1416 adempte
1711 1329 1884 1405 mihi,

353 1440 427 1491 tu
462 1449 606 1491 mea
640 1436 711 1490 tu
746 1426 1022 1491 moriens
1059 1426 1304 1511 fregisti
1341 1424 1693 1501 commoda,
1730 1424 1947 1500 frater,

441 1529 654 1584 tecum
688 1543 816 1584 una
851 1529 986 1584 tota
1019 1529 1115 1584 est
1152 1530 1368 1583 nostra
1403 1519 1652 1603 sepulta
1688 1517 1933 1596 domus,

357 1614 570 1678 omnia
605 1624 814 1679 tecum
847 1637 981 1677 una
1013 1614 1336 1698 perierunt
1369 1612 1607 1697 gaudia
1641 1622 1878 1688 nostra,

442 1729 607 1791 quae
644 1718 790 1772 tuus
826 1708 893 1772 in
930 1708 1060 1772 vita
1096 1708 1298 1772 dulcis
1335 1708 1545 1771 alebat
1580 1727 1776 1770 amor.

359 1802 539 1866 cuius
574 1824 695 1887 ego
730 1802 985 1866 interitu
1023 1811 1156 1865 tota
1192 1802 1270 1866 de
1307 1812 1517 1865 mente
1552 1800 1776 1886 fugavi

442 1894 600 1960 haec
637 1895 849 1959 studia
880 1906 1069 1978 atque
1105 1916 1321 1959 omnes
1359 1895 1617 1958 delicias
1654 1892 1869 1958 animi.

358 2010 576 2072 quare,
621 1989 794 2072 quod
830 1989 1051 2054 scribis
1087 1991 1382 2055 Veronae
1418 1998 1603 2073 turpe
1643 1986 1901 2051 Catullo

445 2104 603 2159 esse,
640 2082 811 2165 quod
847 2082 950 2146 hic
984 2082 1189 2165 quivis
1228 2083 1306 2146 de
1343 2082 1601 2146 meliore
1637 2090 1789 2144 nota

356 2174 591 2260 frigida
627 2176 873 2240 deserto
910 2175 1252 2260 tepefactet
1287 2175 1574 2239 membra
1608 2173 1825 2249 cubili,

442 2269 530 2346 id,
564 2269 771 2345 Mani,
809 2289 937 2332 non
973 2279 1070 2333 est
1103 2278 1306 2353 turpe,
1343 2267 1547 2353 magis
1581 2268 1965 2331 miserumst.

357 2363 652 2449 ignosces
688 2362 902 2447 igitur,
941 2361 1012 2437 si,
1050 2383 1214 2445 quae
1251 2361 1405 2425 mihi
1439 2363 1648 2426 luctus
1685 2360 1935 2435 ademit,

445 2456 604 2520 haec
642 2455 755 2519 tibi
790 2477 918 2519 non
953 2455 1161 2519 tribuo
1198 2478 1480 2530 munera,
1520 2476 1668 2519 cum
1700 2474 1965 2537 nequeo,

357 2574 507 2616 nam
543 2549 716 2634 quod
750 2549 1125 2634 scriptorum
1159 2571 1289 2613 non
1323 2572 1558 2635 magna
1593 2559 1691 2614 est
1724 2547 1907 2633 copia
1940 2545 2113 2632 apud
2145 2566 2269 2623 me,

443 2646 565 2710 hoc
600 2645 673 2709 fit
706 2645 879 2728 quod
913 2644 1157 2709 Romae
1193 2645 1494 2709 vivimus:
1531 2644 1642 2708 illa
1677 2644 1924 2720 domus,

357 2738 468 2804 illa
501 2739 657 2802 mihi
690 2739 894 2815 sedes,
929 2738 1059 2802 illic
1093 2761 1236 2802 mea
1272 2739 1548 2822 carpitur
1582 2748 1786 2802 aetas:

441 2832 568 2897 huc
601 2855 731 2897 una
765 2855 846 2897 ex
878 2832 1093 2897 multis
1131 2833 1393 2917 capsula
1428 2854 1531 2896 me
1567 2830 1871 2916 sequitur.

356 2925 533 3009 quod
567 2946 713 2989 cum
747 2925 837 2988 ita
872 2925 972 3000 sit,
1009 2926 1203 2989 nolim
1249 2935 1488 2989 statuas
1525 2946 1642 2987 nos
1676 2932 1888 2988 mente
1922 2922 2201 3006 maligna

443 3019 511 3083 id
545 3019 754 3083 facere
790 3029 902 3083 aut
936 3019 1147 3083 animo
1183 3041 1313 3082 non
1349 3019 1500 3082 satis
1535 3019 1835 3102 ingenuo,

359 3113 533 3197 quod
569 3111 683 3175 tibi
715 3133 844 3175 non
878 3112 1206 3195 utriusque
1243 3112 1482 3197 petenti
1517 3111 1703 3196 copia
1736 3120 2005 3196 postast:

356 3209 524 3273 ultro
561 3228 681 3291 ego
718 3205 1051 3282 deferrem,
1089 3207 1272 3290 copia
1307 3206 1491 3289 siqua
1525 3206 1709 3270 foret.

356 3416 485 3460 non
519 3415 780 3479 possum
814 3392 1097 3469 reticere,
1136 3393 1312 3470 deae,
1350 3415 1477 3476 qua
1510 3415 1612 3458 me
1648 3392 1862 3458 Allius
1895 3391 1962 3456 in
1996 3414 2065 3457 re

440 3487 671 3553 iuverit
704 3496 817 3550 aut
850 3486 1102 3570 quantis
1136 3486 1367 3551 iuverit
1403 3486 1655 3551 officiis:

357 3603 476 3647 nec
509 3580 760 3666 fugiens
797 3580 1018 3644 saeclis
1056 3579 1570 3644 obliviscentibus
1609 3589 1781 3644 aetas

440 3674 610 3739 illius
645 3675 765 3738 hoc
801 3695 990 3739 caeca
1023 3683 1206 3738 nocte
1242 3684 1416 3758 tegat
1450 3673 1759 3737 studium:

359 3768 470 3833 sed
507 3767 714 3832 dicam
749 3766 951 3842 vobiS,
989 3788 1101 3830 vos
1137 3789 1324 3852 porro
1362 3766 1551 3830 dicite
1587 3766 1802 3830 multis

441 3861 696 3925 milibus
732 3870 796 3925 et
829 3861 1017 3925 facite
1054 3859 1210 3925 haec
1245 3861 1462 3925 charta
1495 3860 1792 3943 loquatur
1828 3882 1986 3924 anus

441 4058 851 4132 notescatque
887 4048 1092 4134 magis
1128 4059 1413 4112 mortuus
1450 4058 1641 4132 atque
1676 4047 1901 4132 magis,

355 4162 476 4209 nec
509 4150 762 4206 tenuem
799 4148 1020 4207 texens
1057 4142 1343 4206 sublimis
1381 4165 1610 4206 aranea
1645 4142 1835 4206 telam

441 4234 509 4298 in
545 4235 790 4301 deserto
828 4235 962 4301 Alli
998 4236 1250 4302 nomine
1286 4257 1446 4321 opus
1482 4236 1695 4300 faciat.

2305 441 2393 508 57

2434 876 2510 930 15

2437 1812 2514 1867 25
