3225 5171
1118 422 1471 464 ADNOTATIO
1517 422 1760 464 CRITIOA
2293 460 2294 463 ,
2329 422 2527 475 CXXXV

356 540 592 600 locutus
629 546 730 600 est.
799 559 991 619 neque
1026 547 1114 598 est
1148 540 1306 599 facta
1339 540 1486 599 haec
1520 543 1765 599 mutatio
1800 542 1916 598 nisi
1951 538 2027 598 ad
2063 540 2525 600 conservandam

355 627 674 685 lectionem
720 627 924 696 instar,
979 644 1157 704 quam
1199 632 1399 684 tamen
1440 625 1583 684 ferri
1627 644 1797 704 posse
1837 646 1959 684 non
2003 624 2265 684 adducor
2296 633 2363 683 ut
2406 645 2526 684 cre-

356 711 513 770 dam.
603 710 768 768 cuius
813 711 876 767 in
919 710 1110 769 vicem
1155 708 1316 790 quod
1356 711 1593 788 reposui
1636 713 1811 781 iuxta,
1866 729 1932 769 eo
1976 709 2126 768 illud
2162 710 2527 785 significatur

358 795 531 874 quod·
562 813 659 854 me
698 792 895 852 iudice
937 795 1055 852 iam
1099 796 1164 852 in
1205 796 1334 873 ipso
1380 796 1655 852 carminis
1698 796 1868 853 initio
1921 794 2245 870 significari
2286 812 2525 853 necesse

360 887 466 950 est,
504 880 813 938 continuas
848 877 1029 938 fuisse
1074 881 1466 956 possessiones
1502 879 1802 939 Mentulae
1840 876 2016 954 (conf.
2056 879 2110 936 ι’ν.
2147 879 2231 956 4).
2318 879 2526 938 similis

358 964 703 1042 depravatio
734 983 782 1020 c.
812 962 1087 1026 LXVIII
1116 964 1254 1036 143,
1293 965 1396 1024 ubi
1424 966 1664 1027 deastra,
1678 985 1783 1043 pro
1815 965 2016 1021 deoetra
2037 964 2110 1022 V.
2139 965 2524 1034 -·-·2·mar1·a,

358 1048 522 1127 quod
565 1046 803 1106 fuerunt
847 1049 948 1126 qui
993 1051 1340 1129 coniecturis
1384 1056 1753 1127 temptarent,
1797 1050 2174 1108 verissimum·
2202 1057 2304 1122 est,-
2351 1047 2525 1106 modo

357 1133 436 1201 de
470 1133 812 1209 ingentibus
848 1133 1127 1190 locorum·
1147 1135 1352 1211 spatiis
1378 1134 1779 1212 tractibusque
1804 1132 2131 1209 intellegas,
2165 1129 2322 1212 quae
2355 1152 2525 1192 voca·

359 1217 487 1276 buli
519 1224 776 1296 potestas
812 1237 931 1276 non
967 1216 1171 1281 dubito
1209 1220 1353 1296 quin
1397 1221 1462 1276 in
1497 1237 1764 1277 sermone
1798 1220 2106 1283 communi
2125 1219 2526 1287 Romanorum

356 1304 578 1361 usitata
621 1301 813 1360 fuerit.
900 1310 1103 1360 notum
1139 1311 1226 1362 est
1263 1301 1520 1362 Graecos
1565 1323 1735 1361 suum
1772 1297 2023 1378 πέλαγος
2057 1302 2147 1367 de,
2165 1305 2375 1381 quavis
2419 1306 2527 1360 im-

359 1389 672 1446 mensitate
726 1385 963 1458 dixisse,
1016 1388 1080 1445 in
1133 1386 1457 1467 eademque
1507 1387 1849 1465 metaphora
1900 1382 2326 1446 Sallustianum
2377 1386 2527 1445 illud

358 1475 543 1530 maria
575 1473 880 1546 montisque
905 1474 1166 1547 polliceri
1190 1474 1449 1550 positum
1477 1479 1579 1530 est.
1650 1481 1826 1550 atque
1851 1473 2170 1551 requiritur
2200 1472 2296 1541 hic
2323 1473 2527 1550 utique

359 1559 682 1615 immensae
741 1558 903 1614 notio
965 1555 1418 1638 magnitudinis,
1490 1559 1631 1636 quia
1700 1575 1851 1635 quae
1918 1555 2218 1639 praecedit
2284 1558 2528 1632 triginta

359 1643 631 1717 iugerum
675 1643 826 1718 prati
863 1648 923 1698 et
970 1640 1365 1719 quadraginta
1398 1643 1528 1699 arvi
1571 1642 2042 1701 commemoratio
2079 1634 2166 1699 ad
2191 1640 2528 1717 significan-

358 1725 468 1784 das
523 1725 757 1783 divitias
811 1724 995 1789 solito
1033 1728 1284 1790 maiores
1347 1727 1589 1789 minime
1642 1725 1876 1784 sufficit.
1981 1727 2180 1804 itaque
2233 1729 2527 1784 sententia

359 1811 510 1869 haec
553 1816 667 1868 est:
720 1809 973 1868 ‘ceterae
1015 1818 1246 1889 praeter
1289 1818 1458 1889 prata
1500 1818 1560 1870 et
1604 1831 1749 1869 arva
1798 1809 1980 1870 saltus
2027 1818 2221 1888 partes
2267 1813 2527 1886 ingentis

358 1903 500 1954 sunt
533 1893 820 1953 ambitus.’
908 1896 1026 1952 iam
1054 1901 1200 1971 -apte
1233 1895 1575 1971 adiungitur
1611 1894 1816 1954 Croesi
1849 1898 2102 1953 mentio„
2124 1926 2207 1935 —
2244 1895 2280 1952 5
2319 1899 2526 1952 saltus-

356 2000 466 2054 que
517 1979 659 2037 ferri
708 1985 915 2057 potest,
970 1981 1251 2058 quoniam
1291 1999 1348 2038 v.
1385 1981 1425 2036 4
1471 1979 1582 2037 hoc
1634 1998 1849 2039 nomen
1892 1978 2202 2049 manifesto
2248 1987 2336 2038 est
2385 1982 2527 2037 artis

358 2063 731 2135 vocabulum,
784 2083 899 2142 quo
935 2071 1039 2121 aut
1072 2065 1344 2145 universe
1378 2063 1686 2142 praedium
1719 2066 1872 2122 varii
1908 2067 2140 2139 generis
2161 2084 2349 2140 -agros
2393 2084 2529 2122 con-

358 2149 624 2227 plectens
668 2140 772 2206 aut
815 2146 1055 2205 fundus
1079 2148 1282 2206 finitae
1317 2147 1742 2224 magnitudinis
1778 2156 2030 2220 notatur,
2067 2149 2301 2228 qualem
2336 2149 2525 2208 Varro

358 2252 471 2293 rer.
526 2239 668 2290 rust.
715 2233 749 2290 I
797 2233 875 2289 10
921 2239 1066 2297 extr,
1103 2230 1395 2290 describit.
1493 2231 1758 2292 defendit
1812 2233 2110 2310 Sydovius
2171 2252 2402 2312 quoque
2455 2232 2530 2292 de

357 2336 581 2377 recens.
614 2314 837 2373 Catulli
864 2318 1102 2375 carmin.
1132 2336 1188 2394 p.
1212 2317 1247 2372 7
1253 2317 1290 2373 2
1311 2336 1354 2375 s.
1421 2316 1573 2376 conf.
1609 2319 1787 2375 etiam
1814 2319 2029 2377 Munro
2059 2318 2179 2376 crit.
2213 2320 2331 2374 222
2353 2337 2423 2376 ss.
2443 2349 2528 2359 -—-

362 2403 402 2459 7
437 2405 612 2478 ipsest
645 2399 1072 2458 Froehlichius.
1120 2445 1126 2451 .
1160 2403 1281 2476 ipse
1314 2404 1368 2458 si
1395 2402 1456 2461 V
1492 2398 1723 2476 (eodem
1766 2402 1940 2462 modo
1975 2405 2040 2461 in
2085 2400 2318 2480 optimis
2359 2402 2528 2461 libris

358 2493 665 2565 peccatum
708 2505 756 2542 c.
792 2485 978 2543 LXII
1013 2484 1095 2557 8).
1181 2488 1303 2561 ipse
1346 2497 1428 2544 est
1469 2487 1669 2565 vulgo.
1756 2490 1877 2563 ipse
1911 2507 1970 2545 es
2004 2495 2166 2566 post
2170 2486 2390 2545 Italum
2425 2487 2531 2546 ali-

356 2590 536 2651 quem
570 2569 988 2630 Lachmannus
1023 2569 1453 2652 Hauptiusque.
1612 2599 1616 2604 ·

491 2655 696 2715 CXVI
730 2656 771 2712 4
806 2659 918 2713 tela
951 2658 1154 2728 infesta
1187 2677 1360 2714 meum
1392 2659 1675 2716 Muretus.
1765 2617 1888 2716 telis
1924 2654 2094 2732 (celis
2115 2653 2197 2732 O)
2233 2658 2435 2729 infesta
2454 2657 2526 2717 V.

358 2743 485 2799 telis
520 2742 777 2813 mfestum
809 2739 1228 2808 Lachmannus
1263 2760 1337 2801 ex
1363 2742 1440 2814 D,
1477 2744 1736 2821 itemque
1761 2742 2094 2820 Hauptius.
2146 2758 2299 2820 quae
2333 2741 2527 2812 lectiO,

363 2827 635 2904 quamvis
681 2828 945 2902 speciosa
988 2828 1081 2896 sit,
1133 2834 1331 2885 tamen
1364 2825 1667 2886 reicienda
1701 2834 1805 2885 est.
1892 2846 2013 2885 non
2049 2827 2222 2897 enim,
2270 2827 2319 2883 si
2350 2828 2531 2898 funda

356 2913 523 2968 mittit
557 2917 616 2969 et
651 2909 864 2967 similia
901 2902 1188 2969 absolute
1202 2909 1492 2982 dicuntur,
1540 2912 1804 2989 sequitur
1846 2913 1971 2967 telis
2004 2912 2224 2968 mittere
2248 2911 2529 2968 Latinum

324 3007 328 3012 ’
355 3013 505 3054 esse.
557 3012 750 3072 neque
776 3012 916 3051 vero
952 3012 1057 3071 per
1091 2996 1442 3054 sententiam
1476 2994 1602 3053 fieri
1638 3001 1832 3073 potest
1865 3002 1932 3052 ut
1966 2996 2089 3051 telis
2125 3013 2200 3051 ex
2235 2993 2527 3052 adiectivo

355 3080 620 3151 mse-stum
659 3076 929 3154 pendeat,
975 3097 1093 3156 qua
1138 3077 1212 3137 de
1246 3081 1678 3138 constructione
1712 3078 1989 3137 Ellisium
2032 3063 2320 3154 cogitasse
2353 3082 2529 3137 mira-

357 3182 573 3234 remur,
628 3162 744 3219 nisi
795 3163 1245 3221 commentarius
1298 3165 1422 3221 eius
1476 3162 1806 3222 abundaret
1864 3165 2157 3242 perversis
2214 3164 2529 3223 enarrandi

356 3246 684 3318 conatibus.
788 3244 1015 3305 accedit
1074 3246 1251 3324 quod
1299 3249 1643 3326 pronomine
1692 3246 1991 3326 personali
2040 3246 2154 3307 vel·
2201 3251 2529 3326 possessivo

359 3350 538 3408 aegre
590 3348 856 3390 caremus
908 3331 974 3388 in
1016 3329 1127 3389 hoc
1171 3334 1499 3404 enuntiato,
1554 3336 1823 3412 inestque
1875 3332 2158 3391 fortasse
2153 3334 2236 3391 in
2282 3333 2425 3392 libri
2466 3334 2526 3391 D

357 3420 647 3494 scriptura
680 3416 938 3487 infestum
973 3435 1077 3493 pro
1104 3417 1309 3488 infesta
1342 3425 1520 3478 tenue
1544 3419 1864 3495 vestigium
1899 3420 2024 3477 eius
2059 3417 2333 3524 vocabuli
2369 3416 2532 3497 quod

355 3509 499 3562 ante
531 3504 744 3560 mittere
778 3498 1070 3570 excidisse
1105 3500 1472 3572 arbitramur.
