3225 5171
717 461 823 504 LVI
1588 456 2038 499 PBOIAEGOMENA

716 579 1017 658 plerisque
1051 579 1372 636 orationem
1408 577 1603 654 potius
1640 575 1715 636 de
1749 575 2046 635 sodaliciis
2071 575 2389 635 secundam
2415 577 2595 638 fuisse
2623 578 2898 650 arbitror,

719 667 784 722 in
820 683 937 742 qua
972 660 1331 722 elaboranda
1367 658 1620 719 Calvum
1662 660 1981 740 plurimum
2028 680 2239 740 operae
2282 661 2617 722 conlocasse
2654 682 2899 722 consen-

720 758 962 807 taneum
1015 754 1120 818 est,
1173 747 1454 825 quoniam
1503 765 1670 805 reum
1723 765 1761 804 a
1813 744 2099 805 Cicerone
2151 744 2456 806 defensum
2506 750 2580 806 iri
2632 756 2893 807 noverat.

721 835 831 893 etsi
865 834 1021 891 enim
1054 832 1364 891 Vatinium
1407 832 1528 889 iam
1563 852 1616 889 a.
1656 824 1885 909 696s58
1930 829 2287 909 postulatum
2323 850 2451 891 esse
2492 832 2627 910 lege
2662 832 2902 891 Licinia

719 919 897 977 Iunia
924 937 958 977 e
984 915 1286 976 Ciceronis
1311 917 1379 975 in
1407 935 1542 976 eum
1567 917 2028 992 interrogatione
2058 914 2092 990 ἓ
2115 918 2193 975 33
2223 936 2267 975 ει.
2295 919 2659 996 perspicitur,
2696 926 2898 977 tamen
2926 947 2930 952 ·

718 1010 844 1062 tum
877 1003 1156 1081 temporis
1186 1000 1438 1060 Calvum
1464 1002 1619 1060 inter
1653 1007 2022 1060 accusatores
2059 1003 2184 1060 eius
2219 999 2402 1061 fuisse
2428 1023 2551 1061 non
2585 1004 2726 1061 satis
2762 1022 2901 1061 con-

720 1095 837 1147 stat
869 1119 953 1129 ——
988 1107 1196 1166 parum
1241 1087 1401 1145 enim
1443 1084 1587 1144 fidei
1628 1085 1852 1146 babent
1895 1085 2121 1144 scholia
2154 1086 2477 1146 Bobiensia
2518 1108 2574 1166 p.
2615 1088 2736 1145 323
2776 1085 2900 1160 On,

718 1172 956 1252 quando
992 1180 1052 1231 et
1083 1173 1149 1230 in
1184 1173 1428 1230 crimine
1463 1169 1785 1229 adferendo
1824 1178 1912 1229 est
1947 1178 2202 1230 erratum
2237 1203 2338 1243 —-,
2385 1172 2566 1251 idque
2608 1171 2896 1231 iudicium

717 1261 782 1319 vi
814 1258 1043 1318 Vatinii
1081 1265 1141 1316 et
1172 1256 1244 1315 P.
1282 1253 1477 1315 Clodii
1525 1254 1917 1314 disturbatum
1963 1263 2066 1328 est,
2110 1266 2178 1314 ut
2222 1254 2491 1316 dubitare
2533 1257 2709 1316 liceat
2752 1278 2895 1316 num

721 1341 1158 1403 accusatoribus
1194 1343 1433 1399 omnino
1480 1341 1652 1418 copia
1685 1339 1968 1420 loquendi
2002 1340 2141 1399 data
2183 1339 2376 1400 fuerit.
2448 1342 2655 1402 eodem
2700 1351 2894 1401 autem

716 1428 879 1488 haud
915 1427 1095 1486 dubie
1136 1445 1294 1483 anno
1327 1445 1445 1503 quo
1492 1424 1753 1484 secunda
1795 1428 1970 1485 tertia
2004 1445 2237 1505 quoque
2273 1426 2447 1486 Calvi
2490 1429 2555 1486 in
2587 1427 2897 1486 Vatinium

720 1515 907 1574 oratio
941 1511 1145 1570 habita
1181 1518 1285 1569 est.
1348 1511 1567 1569 etenim
1602 1530 1655 1569 a.
1697 1508 1924 1579 700l54
1958 1511 2051 1570 bis
2083 1511 2367 1570 iudicium
2403 1510 2625 1570 factum
2660 1530 2786 1572 esse
2822 1510 2897 1570 de

718 1599 961 1658 Vatinio
989 1594 1388 1675 Nipperdeius
1424 1614 1622 1673 opusc.
1658 1616 1715 1674 p.
1746 1596 1867 1653 336
1896 1598 2218 1656 rectissime
2251 1595 2391 1655 inde
2419 1598 2707 1656 conclusit
2734 1595 2897 1676 quod

722 1682 929 1742 Cicero
966 1683 1131 1759 epist.
1168 1679 1245 1738 ad
1281 1679 1462 1738 famil.
1499 1679 1535 1737 I
1571 1681 1606 1737 9
1639 1681 1680 1738 4
1710 1689 1767 1740 et
1797 1682 1873 1753 19
1909 1701 2032 1739 non
2067 1681 2255 1740 solum
2291 1680 2692 1742 defensionem
2730 1702 2896 1741 suam

719 1768 966 1838 Vatinii,
1013 1764 1118 1825 sed
1153 1767 1332 1824 etiam
1364 1763 1769 1824 laudationem
1809 1765 2147 1825 iudicialem
2192 1775 2622 1826 commemorat.
2693 1766 2798 1826 sed
2830 1774 2900 1825 ut

719 1860 1085 1913 revertamur
1115 1850 1277 1909 unde
1320 1848 1582 1926 degressi
1629 1870 1853 1924 sumus,
1901 1870 1978 1910 ex
2021 1853 2106 1910 eis
2149 1870 2304 1929 quae
2346 1854 2725 1929 exposuimus
2766 1871 2896 1930 pro-

719 1937 998 1996 babiliter
1031 1935 1287 1996 efficitur
1312 1956 1361 1994 c.
1385 1935 1542 1994 XIV
1562 1934 1785 1994 Catulli
1811 1956 1934 1995 non
1960 1943 2099 1994 ante
2126 1935 2467 1995 Saturnalia
2491 1940 2637 1996 anni
2666 1936 2891 2011 698s56

723 2023 1005 2101 scriptum
1042 2040 1185 2095 esse,
1222 2023 1394 2100 eique
1430 2024 1801 2080 coniecturae
1837 2023 2013 2079 etiam
2050 2020 2124 2079 ab
2169 2021 2287 2080 illis
2323 2041 2473 2100 quae
2518 2042 2697 2101 supra
2731 2028 2790 2080 et
2824 2020 2898 2079 de

721 2109 938 2167 amoris
967 2106 1220 2165 Lesbiae
1263 2114 1322 2164 et
1356 2105 1431 2164 de
1464 2107 1694 2165 itineris
1728 2106 2034 2184 Bithynici
2068 2106 2429 2184 temporibus
2468 2106 2897 2186 disputavimus

724 2192 872 2252 fides
900 2191 1153 2250 additur.
1221 2209 1417 2269 neque
1442 2210 1583 2250 vero
1619 2212 1776 2249 anno
1807 2188 2033 2269 699s55
2061 2193 2350 2270 posterius
2385 2211 2513 2251 esse
2545 2192 2658 2251 hoc
2689 2211 2899 2270 poema

721 2276 1125 2335 indicaverim.
1195 2294 1335 2334 nam
1371 2296 1425 2334 a.
1454 2272 1686 2352 700s54
1716 2275 1966 2335 Calvum
1999 2278 2067 2334 in
2102 2276 2334 2353 agenda
2367 2276 2664 2337 laboriosa
2697 2276 2898 2336 Sullae

719 2362 1058 2422 litteratoris
1103 2380 1285 2419 causa
1328 2369 1676 2438 occupatum
1720 2360 1901 2421 fuisse
1943 2382 2150 2440 parum
2197 2370 2285 2420 est
2327 2361 2624 2435 credibile,
2679 2362 2898 2440 quippe

721 2467 839 2526 quo
872 2464 1090 2505 nomen
1122 2446 1352 2505 Vatinii
1387 2445 1479 2504 bis
1515 2445 1592 2503 ad
1626 2445 1851 2505 iudices
1889 2446 2177 2505 detulerit.
2240 2453 2423 2505 restat
2455 2456 2523 2505 ut
2557 2446 2631 2506 de
2667 2467 2714 2505 c.
2740 2445 2899 2505 LIII

721 2531 1002 2604 dicamne,
1040 2532 1105 2590 in
1140 2550 1255 2610 quo
1291 2538 1465 2609 poeta
1497 2550 1678 2590 unam
1714 2549 1790 2591 ex
1827 2534 2020 2591 causis
2047 2532 2277 2591 Vatinii
2305 2532 2430 2610 ipse
2466 2540 2898 2592 commemorat.

720 2625 924 2677 narrat
958 2618 1117 2676 enim
1162 2616 1419 2695 aliquem
1465 2634 1499 2674 e
1543 2637 1776 2689 corona,
1823 2637 1956 2676 cum
1991 2615 2245 2676 Calvum
2289 2620 2538 2676 crimina
2571 2618 2897 2677 Vatiniana

720 2698 967 2762 mirifice
1004 2701 1400 2780 explicantem
1435 2700 1775 2774 audivisset,
1814 2701 2307 2761 admirabundum
2336 2704 2697 2761 exclamasse
2730 2702 2895 2774 haec,

726 2788 814 2846 ‘di
865 2789 1093 2864 magni,
1157 2787 1515 2864 salaputium
1577 2786 1916 2846 disertuml’
1987 2807 2106 2865 qua
2164 2790 2230 2846 in
2291 2788 2720 2847 exclamatione
2779 2806 2898 2845 vox

722 2873 960 2952 plebeia
996 2872 1276 2950 salaputii
1320 2871 1399 2930 ad
1441 2872 1751 2950 parvulam
1790 2871 1964 2931 Calvi
2006 2880 2289 2930 staturam
2332 2881 2574 2951 spectat,
2619 2892 2796 2951 quam
2840 2879 2902 2930 et

724 2958 952 3017 Seneca
996 2965 1349 3017 controvers.
1385 2957 1528 3031 VII,
1566 2958 1607 3015 4
1644 2953 1795 3033 (19),
1840 2978 1899 3036 p;
1938 2958 2060 3016 332
2096 2956 2313 3016 Kiessl.
2359 2966 2419 3017 et
2454 2956 2706 3017 Ovidius
2751 2958 2900 3014 trist.

723 3043 791 3102 H
826 3044 949 3101 431
986 3050 1290 3101 testantur.
1362 3041 1467 3100 hos
1502 3042 1823 3101 versiculos
1870 3041 1948 3100 ad
1983 3062 2218 3100 causam
2255 3041 2329 3101 de
2365 3042 2660 3101 sodaliciis
2693 3041 2900 3100 referri

723 3128 900 3188 facile
952 3126 1091 3186 inde
1146 3127 1389 3202 colligas
1442 3126 1603 3204 quod
1654 3129 1840 3185 oratio
1894 3146 1965 3187 ea
2014 3129 2080 3185 in
2124 3147 2301 3186 causa
2345 3127 2419 3186 ab
2466 3126 2652 3187 Calvo
2698 3127 2901 3186 habita

725 3213 986 3270 omnium
1022 3213 1149 3270 eius
1184 3213 1247 3268 in
1273 3211 1583 3270 Vatinium
1619 3214 2074 3284 accusationum,
2112 3220 2179 3269 ut
2210 3213 2483 3283 vidimuS,
2522 3212 2901 3271 celeberrima

723 3297 854 3355 fuit.
927 3294 1154 3354 accedit
1197 3295 1357 3374 quod
1402 3294 1609 3354 eadem
1654 3298 1808 3355 actio
1852 3298 1916 3356 in
1947 3317 2006 3356 ·c.
2053 3297 2270 3355 XLIX
2312 3297 2646 3374 significata
2690 3305 2796 3369 est,
2850 3298 2900 3355 si

723 3380 964 3459 quidem
998 3388 1157 3439 recte
1190 3379 1255 3438 id
1289 3400 1467 3458 supra
1500 3382 1868 3458 interpretati
1905 3402 2119 3441 sumus,
2192 3381 2686 3461 quemadmodum
2721 3384 2904 3458 igitur

723 3469 837 3524 isto
872 3467 936 3523 in
979 3467 1273 3544 poematio
1313 3464 1587 3524 Catullus
1625 3464 1968 3525 Ciceronem
2004 3468 2108 3545 qui
2141 3468 2449 3526 Vatinium
2492 3486 2770 3546 prospere
2805 3465 2903 3524 de-

724 3549 996 3610 fenderat
1038 3558 1106 3610 ut
1149 3549 1329 3609 vilem
1373 3549 1677 3609 hominum
1734 3553 1911 3611 etiam
1957 3552 2535 3612 sceleratissimorum
2586 3559 2901 3630 patronum

724 3637 1086 3714 perstrinxit,
1131 3637 1217 3694 ita
1250 3637 1316 3694 in
1348 3635 1461 3694 hoc
1497 3639 1852 3695 accusatoris
1888 3637 2000 3696 sibi
2044 3637 2489 3696 familiarissimi
2523 3640 2626 3716 qui
2660 3637 2908 3695 inferior

723 3721 1069 3781 discesserat
1129 3722 1524 3800 eloquentiam
1585 3723 1671 3780 ita
1733 3722 1964 3781 extollit
2014 3730 2105 3794 ut,
2170 3731 2457 3801 quantum
2520 3742 2592 3781 ea
2651 3723 2902 3781 moverit

721 3806 1090 3866 audientium
1127 3809 1369 3872 animos,
1408 3805 1607 3884 lepido
1645 3806 1896 3866 alicuius
1930 3826 2007 3865 ex
2042 3809 2126 3865 eis
2154 3806 2308 3866 dicto
2344 3807 2543 3866 adlato
2581 3807 2904 3865 confirmet.

721 3911 875 3970 quae
910 3894 961 3950 si
994 3891 1380 3970 probabiliter
1414 3890 1713 3970 disputata
1748 3900 1900 3964 sunt,
1939 3912 1987 3950 c.
2016 3891 2174 3950 LIII
2201 3911 2402 3951 mense
2435 3890 2723 3965 Quinctili
2761 3892 2905 3950 anni

724 3972 955 4054 700s54
1008 3979 1289 4055 scriptum
1342 3983 1447 4036 est.
1517 3976 1672 4035 conf.
1725 3996 1781 4034 v.
1838 3979 1870 4033 1
1930 3985 1989 4036 et
2043 3977 2417 4036 Mattbiesius
2468 3977 2508 4035 l.
2564 3997 2612 4035 c.
2663 3997 2722 4055 p.
2780 3977 2908 4033 100

717 4070 838 4120 not.
878 4068 1024 4120 extr.
1663 4085 1666 4090 ’

845 4146 944 4205 De
987 4166 1035 4205 c.
1079 4146 1228 4207 LVI
1273 4145 1487 4205 Catoni
1540 4145 1775 4205 cuidam
1826 4148 2108 4226 inscripto
2161 4146 2489 4205 disserendi
2530 4145 2689 4205 infra
2738 4145 2904 4205 locus

714 4232 848 4292 erit.
922 4230 997 4292 de
1037 4231 1359 4293 Hortensio
1407 4230 1642 4306 Ortalo,
1700 4233 1793 4291 cui
1844 4240 2021 4311 poeta
2067 4252 2114 4290 c.
2158 4231 2335 4292 LXV
2377 4251 2499 4290 una
2551 4252 2685 4290 cum
2738 4249 2911 4290 coma
