3225 5171
844 410 933 475 40
1701 422 2034 480 CATULLI

845 545 1088 610 thiasus
1125 554 1382 630 repente
1416 544 1651 629 linguis
1686 544 2146 631 trepidantibus
2183 546 2404 623 ululat,

846 640 985 704 leve
1021 650 1392 724 tympanum
1426 638 1722 723 remugit,
1761 660 1918 704 cava
1952 640 2245 724 cymbala
2280 652 2632 726 recrepant,

742 749 814 803 30
847 733 1112 797 viridem
1147 733 1307 797 citus
1343 731 1475 796 adit
1507 732 1695 796 Idam
1729 745 2106 818 properante
2142 733 2305 819 pede
2342 734 2590 800 chorus.

845 826 1191 891 furibunda
1225 826 1413 891 simul
1449 826 1752 891 anhelans
1788 849 1955 911 vaga
1990 827 2167 891 vadit
2201 828 2478 902 animam
2512 852 2714 914 agens

847 919 1144 985 comitata
1176 931 1479 1006 tympano
1517 920 1691 984 Attis
1727 942 1841 1005 per
1875 942 2077 1005 opaca
2110 943 2371 986 nemora
2406 923 2557 999 dux,

844 1013 1042 1079 veluti
1077 1014 1346 1078 iuvenca
1377 1013 1587 1077 vitans
1624 1035 1783 1077 onus
1819 1013 2126 1078 indomita
2159 1015 2322 1099 iugi:

843 1107 1102 1192 rapidae
1139 1108 1366 1172 ducem
1403 1119 1704 1172 secuntur
1742 1107 1968 1172 Gallae
2002 1108 2504 1194 properipedem.

737 1215 811 1270 35
845 1202 1079 1284 itaque,
1125 1213 1197 1265 ut
1231 1189 1491 1266 domu'm
1529 1199 1831 1285 Cybebes
1869 1202 2131 1288 tetigere
2169 1203 2460 1278 lassulae,

845 1296 1039 1360 nimio
1077 1318 1112 1360 e
1147 1296 1364 1361 labore
1399 1317 1695 1360 somnum
1731 1296 1988 1381 capiunt
2023 1297 2158 1361 sine
2197 1295 2451 1362 Cerere.

844 1390 1028 1475 piger
1060 1389 1158 1453 his
1193 1390 1450 1454 labante
1484 1390 1746 1474 langore
1783 1390 1998 1454 oculos
2035 1413 2223 1475 sopor
2258 1391 2485 1476 operit:

846 1483 981 1547 abit
1012 1482 1078 1546 in
1113 1483 1326 1565 quiete
1361 1482 1536 1547 molli
1571 1483 1831 1547 rabidus
1868 1484 2044 1548 furor
2078 1483 2291 1548 animi.

844 1577 956 1641 sed
993 1576 1104 1639 ubi
1141 1576 1265 1640 oris
1302 1576 1476 1640 aurei
1515 1575 1630 1641 Sol
1665 1578 2058 1642 radiantibus
2095 1578 2295 1642 oculis

735 1685 810 1739 40
842 1670 1133 1734 lustravit
1169 1669 1425 1734 aethera
1462 1670 1699 1746 album,
1739 1671 1875 1735 sola
1910 1671 2088 1747 dura,
2126 1694 2299 1735 mare
2336 1672 2564 1748 ferum,

844 1763 1212 1849 pepulitque
1248 1763 1452 1828 noctis
1488 1764 1746 1827 umbras
1785 1764 2025 1848 vegetis
2061 1765 2491 1849 sonipedibus,

844 1858 932 1921 ibi
971 1856 1247 1923 Somnus
1283 1857 1553 1922 excitam
1588 1858 1775 1921 Attin
1811 1858 2064 1942 fugiens
2102 1859 2263 1922 citus
2299 1858 2484 1922 abiit:

845 1951 1197 2036 trepidante
1235 1972 1381 2015 eum
1416 1950 1656 2035 recepit
1691 1950 1811 2016 dea
1846 1952 2145 2017 Pasithea
2180 1952 2340 2017 sinu.

843 2046 932 2109 ita
967 2045 1046 2109 de
1080 2044 1293 2128 quiete
1328 2044 1504 2109 molli
1538 2045 1761 2129 rapida
1797 2045 1931 2109 sine
1966 2046 2143 2111 rabie

737 2154 811 2209 45
845 2140 1029 2203 simul
1067 2138 1207 2223 ipsa
1240 2148 1495 2223 pectore
1531 2139 1706 2206 Attis
1743 2161 1858 2203 sua
1893 2139 2063 2203 facta
2096 2140 2379 2216 recoluit,

843 2232 1210 2315 liquidaque
1245 2243 1456 2296 mente
1492 2231 1651 2295 vidit
1686 2232 1820 2296 sine
1854 2232 1998 2315 quis
2034 2233 2272 2316 ubique
2309 2234 2491 2309 foret,

847 2326 1056 2390 animo
1092 2335 1420 2390 aestuante
1456 2348 1677 2391 rusum
1722 2326 1993 2391 reditum
2035 2327 2116 2390 ad
2152 2327 2317 2391 vada
2352 2326 2578 2392 tetulit.

843 2420 931 2483 ibi
967 2419 1166 2483 maria
1200 2430 1379 2483 vasta
1415 2418 1626 2483 visens
1661 2420 2136 2486 lacrimantibus
2175 2422 2394 2498 oculis,

844 2513 1114 2600 patriam
1150 2512 1442 2578 adlocuta
1476 2524 1778 2578 maestast
1810 2513 1901 2579 ita
1936 2537 2092 2580 voce
2130 2515 2455 2580 miseriter.

738 2623 811 2677 50
847 2607 1080 2693 ‘patria
1115 2629 1153 2671 0
1189 2607 1315 2671 mei
1350 2608 1640 2684 creatrix,
1677 2609 1882 2693 patria
1916 2630 1953 2672 0
1988 2632 2130 2674 mea
2165 2609 2473 2695 genetrix,

845 2723 965 2787 ego
1002 2724 1194 2784 quam
1227 2701 1416 2766 miser
1449 2700 1829 2784 relinquens,
1866 2702 2152 2767 dominos
2186 2715 2262 2767 ut
2296 2703 2579 2789 erifugae

843 2796 1070 2860 famuli
1105 2796 1329 2872 solent,
1367 2795 1449 2860 ad
1482 2795 1641 2860 Idae
1678 2797 1857 2860 tetuli
1891 2820 2150 2862 nemora
2185 2798 2432 2882 pedem,

844 2900 919 2953 ut
953 2901 1108 2973 aput
1143 2890 1354 2955 nivem
1389 2900 1453 2954 et
1484 2891 1765 2954 ferarum
1801 2890 2012 2976 gelida
2048 2891 2299 2955 stabula
2333 2893 2534 2956 forem

848 2994 912 3049 et
946 3005 1162 3047 earum
1202 2984 1414 3047 omnia
1448 2984 1688 3048 adirem
1727 2984 2070 3049 furibunda
2104 2986 2387 3062 latibula,

740 3091 812 3145 55
846 3078 1105 3143 ubinam
1141 3087 1253 3140 aut
1287 3077 1518 3160 quibus
1554 3078 1710 3142 loeis
1746 3089 1808 3142 te
1845 3079 2136 3163 positam,
2173 3081 2397 3164 patria,
2433 3080 2611 3144 reor?
2889 3094 2932 3138 ι

847 3172 1021 3256 cupit
1051 3172 1190 3256 ipsa
1223 3171 1464 3256 pupula
1499 3173 1581 3235 ad
1616 3181 1678 3237 te
1715 3172 1837 3236 sibi
1870 3172 2154 3258 derigere
2190 3174 2412 3250 aciem,

843 3265 1019 3329 rabie
1054 3265 1190 3329 fera
1224 3286 1443 3329 carens
1481 3264 1634 3328 dum
1671 3266 1860 3331 breve
1896 3279 2145 3352 tempus
2182 3267 2429 3333 animus
2467 3277 2578 3332 est.

845 3381 1047 3444 egone
1084 3382 1123 3422 a
1156 3381 1298 3423 mea
1332 3369 1574 3425 remota
1608 3358 1766 3423 haec
1803 3360 1970 3425 ferar
2002 3361 2068 3424 in
2107 3383 2366 3426 nemora
2401 3362 2625 3426 domo?

842 3453 1065 3538 patria,
1100 3452 1303 3526 bonis,
1339 3452 1577 3528 amicis„
1615 3454 2003 3538 genitoribus
2041 3455 2271 3520 abero?

736 3559 808 3613 60
842 3548 1035 3610 abero
1070 3546 1229 3622 som,
1266 3546 1601 3631 palaestra,
1638 3547 1842 3610 stadio
1879 3559 1943 3612 et
1974 3550 2361 3633 gymnasiis?

840 3641 1030 3704 miser
1064 3663 1103 3704 a
1139 3641 1346 3715 miser,
1383 3641 1778 3723 querendum
1814 3654 1908 3706 est
1943 3643 2132 3706 etiam
2168 3657 2359 3726 atque
2396 3644 2605 3718 etiam,
2653 3644 2895 3712 anime.

838 3733 1009 3816 quod
1045 3733 1212 3797 enim
1247 3756 1451 3818 genus
1488 3735 1812 3818 figuraest,
1851 3756 1971 3820 ego
2006 3757 2137 3799 non
2173 3738 2345 3818 quod
2382 3736 2685 3800 obierim?

838 3850 959 3912 ego
996 3827 1222 3891 mulier
1257 3849 1377 3911 ego
1414 3827 1806 3904 adulescens,
1846 3849 1965 3912 ego
2002 3829 2308 3912 ephebUS,
2347 3851 2466 3915 ego
2502 3852 2681 3915 puer,

838 3942 960 4005 ego
995 3921 1289 4005 gymnasi
1324 3920 1418 3984 fui
1451 3921 1588 3998 flos,
1629 3943 1748 4007 ego
1785 3945 1958 3986 eram
1995 3923 2186 3986 decus
2224 3923 2365 3999 olei,

731 4027 802 4082 65
836 4015 990 4077 mihi
1027 4014 1253 4079 ianuae
1289 4015 1675 4099 frequente8‚
1712 4016 1867 4079 mihi
1903 4016 2121 4081 limina
2156 4018 2390 4102 tepida,

835 4107 990 4170 mihi
1025 4107 1262 4172 floridis
1299 4109 1544 4172 corollis
1579 4109 1871 4174 redimita
1908 4110 2132 4173 domus
2171 4121 2323 4186 erat,

830 4199 1247 4284 linquendum
1282 4200 1394 4266 ubi
1429 4212 1594 4267 esset
1631 4212 1766 4266 orto
1803 4202 1956 4266 mihi
1993 4202 2124 4267 sole
2162 4203 2542 4268 cubiculum.
