3225 5171
879 394 969 460 22ss
1732 403 2069 463 CATULLI

1005 538 1115 593 aut
1148 527 1403 614 pinguis
1437 526 1689 592 Umber
1724 537 1833 593 aut
1869 528 2099 594 obesus
2135 520 2446 596 Etrtiscus

1005 633 1115 687 aut
1148 622 1526 686 Lanuvinus
1562 631 1698 688 ater
1733 632 1925 706 atque
1960 623 2253 688 dentatus

1006 727 1118 782 aut
1150 709 1667 800 Transpadanus,
1706 724 1778 779 ut
1810 738 1992 781 meos
2022 738 2279 801 quoque
2318 718 2652 804 attingam,
2699 767 2704 772 «

1006 820 1117 875 aut
1151 810 1262 893 qui
1295 810 1475 873 lubet
1507 810 1618 892 qui
1654 809 1893 894 puriter
1926 811 2082 875 lavit
2118 812 2359 886 dentes,

775 925 846 979 ,15
1007 915 1219 969 tamen
1253 903 1540 969 renidere
1574 925 1776 987 usque
1812 926 2064 988 quaque
2100 915 2162 969 te
2196 906 2458 970 nollem:
2509 951 2516 958 a

1005 1022 1154 1063 nam
1187 998 1319 1062 risu
1350 997 1564 1082 inepto
1601 1020 1702 1063 res
1736 997 2008 1083 ineptior
2039 999 2292 1065 nullast.

1006 1115 1174 1156 nunc
1211 1090 1494 1156 Celtiber
1529 1112 1627 1156 es:
1676 1090 2019 1157 Celtiberia
2053 1092 2119 1155 in
2155 1103 2342 1169 terra,

1005 1186 1177 1269 quod
1213 1185 1484 1269 quisque
1517 1185 1763 1262 minxit,
1800 1184 1922 1250 hoc
1958 1186 2079 1268 sibi
2115 1187 2275 1252 solet
2308 1207 2498 1252 mane

1009 1281 1261 1345 dentem
1298 1289 1488 1361 atque
1525 1301 1772 1354 russam
1807 1279 2117 1345 defricare
2151 1279 2503 1365 gingivam,

776 1394 848 1449 20
1011 1383 1084 1437 ut
1117 1395 1244 1455 quo
1281 1372 1399 1438 iste
1436 1382 1645 1437 vester
1680 1373 2014 1457 expolitior
2049 1373 2208 1439 dens
2242 1383 2357 1450 est,

1007 1466 1129 1532 hoc
1165 1477 1228 1533 te
1264 1466 1536 1552 amplius
1575 1465 1810 1532 bibisse
1847 1467 2171 1551 praedicet
2202 1467 2334 1531 loti.

1825 1782 1982 1847 XL.

1169 1902 1506 1986 Quaenam
1541 1913 1603 1967 te
1639 1902 1807 1967 mala
1841 1925 2041 1978 mene,
2080 1902 2320 1967 miselle
2357 1899 2625 1979 Ravidc,

1169 2000 1302 2083 agit
1335 1997 1743 2083 praecipitem
1778 1996 1847 2061 in
1880 2020 2055 2061 meos
2091 1996 2373 2061 iambos?

1170 2094 1314 2175 quis
1360 2092 1518 2156 deus
1555 2091 1671 2155 tibi
1704 2112 1835 2155 non
1867 2090 2031 2155 bene
2067 2092 2411 2156 advocatus

1170 2186 1507 2250 vecordem
1541 2195 1724 2269 parat
1742 2184 2033 2254 fexcitare
2068 2184 2310 2249 rixam?

811 2304 848 2357 5
1177 2278 1289 2365 [an
1323 2288 1396 2342 ut
1429 2279 1777 2365 pervenias>
1800 2279 1866 2342 in
1901 2300 2013 2343 ora
2046 2276 2291 2363 vulgi?]

1173 2372 1328 2455 quid
1363 2372 1497 2435 vis?
1540 2394 1668 2455 qua
1703 2372 1879 2437 lubet
1915 2395 2052 2437 esse
2089 2382 2277 2437 notus
2314 2372 2533 2457 optas?

1172 2466 1328 2552 eris,
1353 2465 1869 2548 quandoquidem
1903 2488 2079 2531 meos
2116 2488 2361 2531 amores

1171 2555 1317 2624 cnm
1353 2560 1546 2645 longa
1579 2559 1835 2624 voluisti
1871 2583 2084 2627 amare
2120 2581 2345 2646 poena.

1806 2873 1999 2940 XLI.

1223 2996 1527 3062 Ametina
1560 2994 1776 3080 puella
1811 2994 2101 3058 defututa

1223 3100 1355 3154 tota
1388 3090 1562 3154 milia
1596 3112 1699 3155 me
1735 3088 1956 3154 decem
1991 3085 2302 3174 poposcit,

1220 3183 1344 3247 ista
1379 3182 1691 3267 turpiculo
1726 3181 1939 3267 puella
1972 3203 2147 3257 naec,
2373 3200 2380 3203 “

1221 3276 1568 3341 decoctoris
1606 3275 1810 3339 amica
1843 3275 2188 3339 Formiani.

812 3383 850 3438 5
1223 3369 1580 3454 propinqui,
1619 3368 1849 3452 quibus
1886 3379 1983 3434 est
2015 3368 2225 3453 puella
2262 3390 2471 3446 curae,

1224 3464 1460 3528 amicos
1496 3463 1900 3546 medicosque
1938 3472 2308 3528 convocate:

1220 3579 1350 3621 non
1386 3567 1482 3622 est
1516 3580 1671 3620 sana
1705 3557 1937 3641 puella.
2024 3578 2141 3622 nec
2176 3567 2418 3640 rogate,

1221 3652 1426 3735 qualis
1460 3651 1585 3737 sitzl
1605 3651 1804 3715 solide
1841 3661 1938 3714 est
1968 3650 2336 3736 imaginosa.

1791 3973 2020 4039 XLII.

1223 4093 1484 4169 Adeste,
1523 4092 2054 4177 hendecasyllabi,
2077 4100 2246 4174 quot
2280 4088 2427 4156 estis

1225 4208 1446 4271 omnes
1484 4186 1785 4272 undique,
1822 4195 2135 4271 quotquot
2168 4184 2317 4250 estis
2353 4204 2593 4249 omnes.
