3225 5171
1374 432 1604 485 LIBER
2423 411 2509 478 45

464 563 657 637 atque
691 554 850 619 haec
886 554 1183 619 extremis
1219 565 1524 618 maestam
1563 553 1820 619 dixisse
1833 551 2149 645 querellis,
2546 564 2650 618 130

466 648 801 732 frigidulos
837 648 964 713 udo
1002 648 1316 733 singultus
1352 670 1459 712 ore
1496 648 1786 713 cientem.
1873 689 2086 777 &mv

465 743 693 806 ‘sicine
728 764 832 806 me
867 742 1086 827 patriis
1101 703 1432 818 navectam,
1469 742 1729 827 perfide,
1766 741 1849 805 ab
1884 763 2030 817 oris,

467 836 727 920 perfide,
766 837 1013 900 deserto
1049 835 1341 918 liquisti
1323 859 1389 899 ιιι
1423 836 1625 911 litore,
1664 835 1958 899 Theseu?

466 929 664 993 sicine
699 930 1029 995 discedens
1065 931 1356 1013 neglecto
1391 929 1651 993 numine
1687 930 1904 992 divum

467 1024 778 1089 inmemor
812 1047 869 1098 a,
907 1024 1137 1087 devota
1171 1024 1427 1087 domum
1464 1024 1742 1107 periuria
1776 1022 2033 1107 portas?
2545 1033 2649 1089 135

467 1116 724 1180 nullane
757 1138 858 1180 res
895 1116 1100 1201 potuit
1135 1115 1406 1179 crudelis
1440 1116 1692 1180 flectere
1730 1115 1956 1179 mentis

466 1210 838 1274 consilium?
908 1209 1024 1273 tibi
1057 1210 1236 1273 nulla
1269 1209 1389 1273 fuit
1424 1209 1760 1274 clementia
1791 1219 2064 1294 praest-0,

469 1303 690 1368 inmite
727 1315 799 1368 ut
833 1303 1029 1367 nostri
1066 1303 1255 1367 vellet
1288 1304 1693 1369 miserescere
1728 1303 1989 1388 pectus?

466 1407 535 1461 at
570 1419 698 1462 non
733 1398 892 1462 haec
929 1398 1250 1480 quondam
1285 1397 1521 1461 blanda
1557 1397 1870 1482 promissa
1904 1395 2135 1461 dedisti

468 1513 625 1557 voce
662 1491 836 1566 mihi,
873 1513 1001 1555 non
1037 1490 1193 1556 haec
1228 1492 1458 1555 misera
1495 1513 1748 1576 sperare
1785 1491 2074 1567 iubebaS,
2546 1506 2650 1559 140

467 1586 582 1649 sed
618 1584 890 1650 conubia
923 1586 1108 1657 laeta,
1148 1585 1258 1648 sed
1296 1595 1544 1668 optatos
1581 1584 1994 1668 hymenaeos:

463 1699 634 1761 quae
669 1688 898 1743 cuncta
933 1679 1085 1742 aerii
1120 1678 1486 1763 discerpunt
1520 1678 1709 1743 inrita
1745 1678 1934 1743 venti.

466 1795 638 1837 nunc
671 1772 797 1835 iam
832 1772 1006 1835 nulla
1038 1772 1176 1836 viro
1211 1772 1444 1836 iuranti
1478 1772 1715 1836 femina
1751 1773 1986 1849 credat,

466 1866 644 1929 nulla
678 1865 795 1928 viri
834 1876 1042 1950 speret
1076 1887 1396 1929 sermones
1434 1888 1571 1929 esse
1607 1865 1827 1930 fideles
1839 1890 1857 1941 3

464 1959 609 2041 quis
646 1959 796 2022 (lum
836 1958 1076 2041 aliquid
1111 1959 1374 2043 cupiens
1409 1960 1657 2023 animus
1693 1958 2292 2047 praegestitapisci,
2378 1955 2500 2036 ξῑ“·’“
2544 1976 2647 2031 145

463 2054 557 2117 nil
593 2063 881 2118 metuunt
915 2055 1146 2127 iurare,
1183 2053 1340 2116 nihil
1374 2053 1738 2137 promittere
1773 2063 2061 2137 parcunt,

465 2147 584 2211 sed
619 2147 805 2210 simul
843 2168 917 2210 ac
953 2147 1222 2231 cupidae
1258 2146 1485 2218 mentis
1521 2147 1748 2210 satiata
1782 2147 2060 2223 libidost,

465 2241 636 2304 dicta
670 2239 826 2304 nihil
860 2240 1223 2315 meminere,
1259 2240 1417 2303 nihil
1452 2240 1727 2325 periuria
1749 2252 2005 2308 curant.

466 2346 638 2399 certe
675 2355 795 2419 ego
833 2343 892 2398 te
928 2334 993 2397 in
1027 2333 1237 2397 medio
1273 2344 1630 2398 versantem
1665 2335 1914 2400 turbine
1949 2334 2058 2400 leti

463 2426 688 2512 eripui,
724 2437 794 2491 et
821 2426 1030 2511 potius
1065 2449 1438 2511 germanum
1474 2427 1760 2492 amittere
1796 2428 1986 2503 crevi,
2541 2449 2645 2502 150

463 2542 658 2605 quam
695 2519 810 2583 tibi
844 2520 1054 2584 fallaci
1091 2542 1386 2605 supremo
1421 2521 1484 2584 in
1522 2531 1806 2607 tempore
1843 2522 2110 2588 dessem.

466 2637 582 2701 pro
620 2636 746 2697 quo
783 2615 1185 2705 dilaceranda
1217 2615 1368 2680 feris
1405 2616 1605 2680 dabor
1641 2617 2020 2700 alitibusque
2079 2632 2125 2679 ἢ
2177 2618 2278 2679 {aa
2317 2608 2414 2669 J's·

463 2710 722 2794 praeda,
757 2731 964 2792 neque
980 2704 1228 2774 iniecta
1261 2710 1624 2795 tumulabor
1656 2722 1907 2795 mortua
1942 2724 2126 2776 terra.
2199 2714 2234 2767 ’ἱ
2245 2743 2340 2785 444
2343 2745 2396 2778 44
2401 2752 2452 2780 ,4

462 2825 777 2887 quaenam
813 2812 874 2868 te
910 2804 1132 2888 genuit
1165 2804 1299 2867 sola
1335 2805 1454 2867 sub
1491 2801 1649 2888 rupe
1683 2805 1925 2880 leaena,
1990 2806 2064 2867 ,Ε
2073 2839 2166 2873 444
2280 2831 2314 2851 ι
2341 2836 2358 2857 ιι
2415 2850 2422 2857 4
2466 2812 2500 2855 ’ὓ

465 2897 637 2979 quod
671 2919 844 2961 mare
880 2908 1256 2980 conceptum
1291 2896 1731 2982 spumantibus
1763 2897 1989 2982 expuit
2021 2839 2246 2971 undis,
2537 2917 2643 2972 155

462 3011 630 3072 quae
667 2988 894 3072 Syrtis,
931 3012 1095 3072 quae
1135 2990 1353 3074 Scylla
1388 3013 1606 3075 raan,
1644 3012 1806 3073 quae
1842 3003 2022 3056 vasta
2058 2989 2439 3076 Charybdis,

462 3083 618 3147 talia
651 3082 761 3164 qui
795 3083 1007 3146 reddis
1040 3106 1157 3168 pro
1195 3083 1363 3148 dulci
1396 3085 1679 3168 praemia
1714 3085 1880 3148 vita?

462 3176 518 3241 si
550 3176 666 3240 tibi
698 3198 826 3243 non
863 3176 1037 3240 cordi
1072 3177 1323 3241 fuerant
1358 3178 1630 3242 conubia
1664 3189 1900 3261 nostra,
1963 3205 2042 3236 211·
2067 3201 2106 3233 ft
2147 3224 2152 3235 4

461 3275 655 3336 saeva
688 3268 859 3353 quod
895 3269 1195 3335 horrebas
1232 3270 1421 3355 prisci
1455 3283 1795 3357 praecepta
1826 3274 2124 3357 parentis,

461 3376 530 3430 at
563 3376 776 3428 tamen
811 3364 877 3427 in
913 3374 1151 3428 vestras
1188 3365 1446 3449 potuisti
1482 3367 1712 3431 ducere
1748 3367 1948 3442 sedes,
2537 3385 2641 3441 160

373 3488 403 3537 ;Ἴ
460 3480 626 3542 quae
663 3457 778 3521 tibi
811 3457 1088 3522 iucundo
1125 3459 1468 3542 famularer
1500 3481 1685 3524 serva
1719 3461 1954 3536 labore,
2139 3482 2170 3521 ει
2270 3496 2308 3527 4ι
2370 3482 2410 3523 κ
2437 3454 2449 3517 l
2559 3506 2562 3511 ·
2611 3526 2616 3535 f

460 3552 732 3617 candida
765 3552 1162 3646 permulcens
1198 3538 1452 3635 liquidis
1489 3554 1756 3640 vestigia
1790 3554 2064 3639 lymphis
2229 3596 2238 3609 4

460 3668 857 3731 purpureave
893 3655 1073 3708 tuum
1111 3656 1516 3717 consternens
1554 3659 1729 3712 veste
1766 3649 1993 3714 cubile.
2014 3678 2082 3727 ν
2133 3652 2208 3703 lsi
2257 3676 2274 3705 τ»
2314 3656 2354 3717 ek<
2391 3690 2398 3705 .
2431 3696 2442 3711 4

460 3740 572 3803 sed
609 3739 761 3822 quid
798 3761 915 3823 ego
952 3739 1187 3824 ignaris
1223 3741 1606 3823 nequiquam
1645 3764 1994 3825 conqueror
2029 3743 2198 3807 auris
2263 3755 2278 3797 ὲ
2333 3782 2338 3787 ·
2375 3808 2382 3817 2
2423 3810 2424 3813 ,
2517 3804 2518 3813 ,

461 3843 788 3929 externata
798 3794 1009 3929 malm
1048 3855 1211 3917 quae
1248 3835 1436 3899 nullis
1473 3836 1762 3900 sensibus
1799 3848 2019 3901 auctae
2513 3830 2639 3913 {165

459 3910 579 3990 nec
604 3924 839 3991 missas
873 3928 1090 3992 audire
1127 3938 1369 4011 queunt
1401 3950 1521 3993 nec
1555 3930 1818 3995 reddere
1853 3934 2079 3996 voces?

458 4019 565 4084 ille
601 4033 813 4086 autem
846 4044 1045 4108 prope
1080 4023 1207 4086 iam
1246 4023 1469 4087 mediis
1505 4035 1795 4088 versatur
1829 4025 1895 4088 in
1930 4026 2137 4102 undis,
2277 4098 2280 4101 Α
2328 4102 2331 4106 Α
2375 4074 2406 4103 ,-

459 4135 576 4177 nec
613 4114 950 4224 quisquam
986 4115 1249 4201 adparet
1283 4139 1488 4180 vacua
1522 4118 1856 4182 mortalis
1838 4143 1904 4182 ιιι
1940 4120 2104 4209 aloa.
2164 4144 2242 4193 044
2243 4164 2309 4207 c

459 4206 549 4272 sic
584 4207 768 4272 nimis
803 4209 1112 4275 insultans
1149 4221 1429 4276 extremo
1466 4220 1751 4298 tempore
1789 4235 1980 4278 saeva

2063 4284 2104 4303 ,1,
2151 4293 2172 4319 A?
2219 4294 2234 4319 ,ἶ
2305 4300 2312 4305 Ι
2365 4270 2368 4275 “
