3225 5171
916 1147 1899 1233 PROLEGOMENA.

443 1441 537 1500 De
565 1443 690 1500 vita
721 1439 787 1500 O.
814 1439 1042 1501 Valerii
1071 1439 1292 1500 Catulli
1317 1440 1676 1499 Veronensis
1704 1458 1856 1518 quae
1887 1445 2184 1516 comperta
2209 1437 2495 1496 habemus

316 1526 596 1605 pleraque
640 1527 823 1605 ipsius
869 1526 1225 1584 carminibus
1271 1525 1587 1599 debentur-3
1634 1544 1827 1602 pauca
1872 1523 2116 1583 aliunde
2165 1525 2494 1600 accepimus

317 1630 509 1689 neque
547 1630 617 1670 ea
651 1612 848 1670 omnia
882 1610 1000 1669 fide
1036 1610 1234 1686 digna.

445 1694 546 1753 Ad
579 1698 822 1755 nomina
854 1703 1063 1775 poetae
1099 1694 1256 1773 quod
1293 1696 1519 1762 attinet,
1568 1694 1918 1769 cognomine
1955 1713 2062 1752 suo
2100 1712 2162 1752 se
2206 1695 2332 1770 ipse
2369 1711 2495 1750 sae-

318 1782 452 1859 pius
480 1779 802 1858 adpellavit
830 1779 1007 1857 (conf.
1028 1780 1211 1838 index
1240 1779 1274 1836 I
1292 1800 1335 1838 s.
1364 1800 1420 1837 v.
1452 1777 1820 1851 ‘Catullus’).
1877 1798 2094 1837 nomen
2125 1777 2492 1855 gentilicium

321 1865 591 1924 Suetonii
641 1868 704 1924 in
757 1865 869 1924 Iul.
920 1867 996 1922 73
1053 1865 1420 1943 aliorumque
1471 1864 1821 1923 testimoniis
1877 1871 2120 1921 constat.
2206 1861 2279 1920 de
2315 1880 2494 1940 prae-

319 1952 558 2010 nomine
595 1951 788 2010 adhuc
812 1952 1047 2008 variant
1082 1951 1422 2008 sententiae.
1489 1950 1651 2027 atqui
1680 1957 1811 2027 post
1842 1955 2176 2006 accuratam
2203 1947 2495 2005 Ludovici

322 2035 618 2095 Schwabii
662 2037 736 2096 de
790 2055 861 2095 ea
910 2055 974 2094 re
1027 2034 1483 2111 disputationem
1541 2036 1604 2091 in
1650 2033 2093 2112 quaestionibus
2141 2031 2493 2090 Catullianis

319 2140 376 2198 p.
424 2123 460 2179 9
508 2141 580 2180 ss
636 2120 815 2197 (conf.
873 2123 1050 2178 etiam
1093 2121 1170 2178 H.
1207 2119 1283 2177 A.
1327 2119 1375 2176 Ι.
1422 2119 1637 2176 Munro
1690 2120 1754 2176 in
1806 2118 1959 2176 libro
2003 2117 2107 2195 qui
2158 2117 2497 2175 inscribitur

325 2206 655 2264 ‘criticisms
701 2204 820 2264 and
865 2203 1252 2263 elucidations
1298 2203 1366 2261 of
1397 2201 1708 2276 Catullus',
1755 2223 1812 2280 p.
1854 2203 1931 2259 68
1960 2199 2031 2278 s.)
2080 2201 2340 2260 dubitari
2374 2221 2492 2260 non

319 2298 511 2368 potest
553 2293 699 2369 quin
751 2297 926 2368 poeta
974 2289 1194 2349 Graius
1252 2287 1440 2345 dictus
1484 2286 1684 2360 fuerit,
1741 2296 1805 2344 ut
1856 2297 1914 2345 et
1956 2287 2361 2365 Hieronymus
2415 2287 2495 2345 ad

318 2374 568 2434 Eusebii
612 2375 813 2433 chron.
859 2394 909 2431 a.
944 2373 1089 2431 Abr.
1131 2373 1312 2445 1930,
1357 2375 1394 2430 i.
1437 2392 1484 2431 e.
1522 2372 1860 2443 Suetonius,
1909 2379 1968 2430 et
2000 2371 2289 2451 Apuleius
2340 2373 2492 2450 apol.

322 2479 371 2517 c.
404 2462 501 2531 10,
530 2479 586 2537 p.
620 2459 695 2516 15
717 2458 825 2516 Kr.
853 2457 1111 2516 tradunt.
1166 2465 1370 2516 contra
1404 2478 1651 2536 quorum
1687 2459 1923 2516 testium
1959 2476 2306 2516 consensum
2343 2458 2494 2515 nihil

318 2544 483 2603 valet
527 2542 710 2623 quod,
766 2563 899 2603 cum
951 2543 1218 2603 meliores
1272 2541 1501 2602 codices
1549 2542 1874 2602 Catulliani
1927 2542 2115 2602 solum
2169 2562 2495 2621 cognomen

320 2638 528 2709 poetae
564 2630 902 2707 praebeant,
940 2637 1214 2708 quattuor
1240 2628 1377 2686 libri
1406 2631 1792 2687 recentissimi
1818 2637 1877 2687 et
1908 2628 2290 2687 multifariam
2317 2631 2494 2689 inter-

320 2715 525 2795 polati,
573 2715 859 2786 DatanuS,
904 2714 1349 2785 RiccardianuS‚
1400 2712 1775 2786 CuiacianuS,
1826 2712 2198 2773 Colbertinus
2244 2714 2365 2788 (hic
2400 2734 2491 2772 ac-

324 2801 496 2859 cessit
530 2819 605 2859 ex
629 2800 826 2858 Ellisii
852 2797 1162 2877 adparatu)
1196 2817 1555 2877 praenomen
1583 2797 1836 2871 Quinti
1872 2800 1935 2856 in
1970 2798 2164 2858 fronte
2192 2800 2490 2860 exhibent.

324 2883 483 2963 quod
517 2886 642 2943 veri
678 2884 868 2943 simile
903 2894 992 2943 est
1019 2903 1052 2943 e
1077 2883 1264 2942 Plinii
1297 2891 1490 2941 natur.
1519 2884 1650 2940 hist.
1679 2883 1997 2942 XXXVII
2026 2884 2061 2941 6
2092 2886 2170 2942 81
2202 2883 2491 2941 adscitum

324 2988 476 3039 esse,
530 2969 661 3042 ubi,
716 2989 848 3027 cum
903 2968 1090 3027 codex
1143 2970 1403 3026 omnium
1455 2970 1709 3046 optimus
1752 2967 2207 3043 Bambergensis
2259 2968 2405 3027 haec
2456 2990 2494 3026 a

324 3056 606 3132 scriptore
639 3054 903 3131 profecta
938 3072 1064 3113 esse
1091 3052 1312 3124 doceat,
1353 3053 1574 3110 Nonius
1601 3062 1845 3125 senator,
1878 3054 2031 3123 filius
2068 3063 2311 3110 strumae
2339 3054 2495 3111 Noni

324 3142 439 3195 eius
477 3158 632 3213 quem
668 3137 926 3195 Catullus
954 3148 1125 3214 poeta
1159 3142 1215 3195 in
1263 3141 1403 3195 sella
1451 3140 1632 3195 curuli
1663 3140 1837 3195 visum
1880 3139 2101 3211 indique
2142 3141 2267 3196 tulit
2311 3134 2489 3213 (conf.

325 3222 541 3282 Catull.
588 3242 635 3281 c.
681 3222 802 3281 LII
850 3220 930 3297 2),
985 3223 1122 3282 libri
1175 3223 1400 3301 aliquot
1461 3230 1723 3281 recentes
1777 3221 1848 3295 Q.
1902 3231 2103 3281 notam
2156 3224 2492 3300 cognomini

322 3315 530 3387 poetae
563 3307 889 3386 praefixam
923 3308 1160 3380 habent,
1198 3328 1374 3387 quam
1411 3310 1535 3367 sive
1574 3306 1796 3366 Catulli
1832 3328 1964 3366 cum
2005 3306 2075 3381 Q.
2108 3306 2319 3368 Catulo
2358 3329 2492 3367 con-

324 3394 557 3452 fusione
601 3394 726 3451 sive
769 3392 1010 3451 fortuito
1058 3412 1248 3451 errore
1294 3401 1531 3469 propter
1575 3392 1928 3452 antecedens
1979 3412 2301 3471 pronomen
2344 3394 2490 3453 rela-

322 3480 508 3536 tivum
546 3477 816 3556 perfacili
852 3485 1037 3536 ortam
1075 3496 1199 3536 esse
1232 3477 1555 3555 probabilis
1593 3486 1680 3536 est
1714 3479 1985 3555 suspici0.
2052 3498 2205 3557 quae
2241 3499 2373 3537 cum
2408 3480 2493 3537 ita

325 3565 456 3635 sint,
494 3562 784 3639 Scaligeri
821 3564 882 3620 in
922 3560 1144 3620 Catulli
1189 3582 1232 3620 c.
1270 3562 1514 3621 LXVII
1553 3565 1629 3618 12
1678 3565 2072 3621 coniecturam
2106 3563 2490 3623 Lachmanno

325 3647 573 3725 aliisque
608 3648 913 3726 probatam
948 3649 1109 3705 omni
1143 3646 1527 3705 fundamento
1566 3667 1764 3706 carere
1804 3648 2063 3725 adparet.

451 3732 725 3792 Veronae
766 3740 970 3790 natum
1017 3751 1142 3791 esse
1180 3730 1478 3790 Catullum
1514 3732 1916 3809 Hieronymus
1959 3732 1999 3789 1.
2036 3752 2084 3791 c.
2133 3731 2292 3805 dicit,
2336 3751 2491 3791 eam-

325 3837 440 3896 que
473 3818 678 3876 urbem
713 3818 964 3896 patriam
1002 3819 1126 3877 eius
1162 3816 1341 3875 fuisse
1386 3816 1586 3875 multis
1624 3817 1871 3874 aliorum
1915 3818 2281 3889 testimoniis,
2326 3818 2492 3877 velut

326 3901 529 3961 Ovidii
564 3923 739 3961 amor.
776 3902 876 3960 III
908 3902 984 3960 15
1018 3905 1073 3974 7,
1113 3910 1170 3961 et
1205 3901 1471 3960 codicum
1510 3900 1975 3960 Catullianorum
2010 3903 2490 3980 inscriptionibus

327 3995 385 4045 et
426 3988 566 4064 ipsis
612 3989 787 4047 etiam
833 3988 1188 4046 carminibus
1226 3986 1581 4046 Catullianis
1630 3988 2029 4059 confirmatur,
2075 4007 2228 4066 quae
2271 3988 2490 4046 Trans-

323 4071 623 4149 padanum
667 4080 900 4151 poetam
943 4074 1124 4132 fuisse
1159 4073 1231 4146 (c.
1267 4071 1557 4130 XXXIX
1595 4070 1717 4148 13),
1763 4073 2034 4132 Veronae
2076 4075 2307 4151 saepius
2354 4094 2491 4133 con·

325 4156 545 4215 sedisse
582 4153 654 4231 (c.
690 4157 940 4216 XXXV
977 4162 1012 4216 3
1042 4179 1113 4217 ss.
1151 4157 1429 4217 LXVIII
1467 4156 1591 4232 27),
1637 4178 1729 4216 res
1764 4158 2134 4217 Veronenses
2168 4159 2318 4218 bene
2356 4179 2489 4235 cog-

322 4243 560 4301 novisse
624 4241 696 4316 (c.
761 4242 1005 4302 LXVII
1064 4252 1122 4303 et
1186 4242 1285 4320 C),
1357 4262 1538 4321 prope
1601 4262 1731 4301 eam
1799 4243 2005 4304 urbem
2074 4245 2136 4301 in
2198 4243 2489 4303 Sirmione
