3225 5171
746 443 828 483 XL
1174 408 1175 411 ¹
1612 438 2069 482 rnonneommA

747 559 1025 640 pretandi
1058 561 1348 618 rationem
1380 558 1532 630 iniit,
1576 577 1772 637 neque
1804 565 2003 616 tamen
2036 576 2161 617 rem
2197 558 2516 637 expedivit.
2590 563 2715 620 eius
2751 564 2938 622 vesti-

752 648 868 723 giis
921 648 1221 721 ingressus
1277 644 1820 722 epigrammaticam
1874 644 2152 701 carminis
2205 644 2584 705 acerbitatem
2625 649 2936 726 perspexit.

751 733 824 790 E.
845 728 1240 801 Woelfflinus,
1279 730 1445 788 cuius
1481 729 1937 807 explicationem
1969 727 2222 788 Iacobus
2259 728 2529 790 Suessius
2564 733 2629 789 in
2663 740 2924 791 actorum

752 818 955 875 semin.
1008 813 1211 893 philol.
1256 813 1647 890 Erlangensis
1696 813 1811 873 vol.
1864 812 1915 885 1,
1967 834 2024 891 p.
2080 815 2162 872 30
2195 834 2240 873 s.
2292 815 2520 892 publici
2570 818 2714 875 iuris
2767 817 2928 876 fecit.

751 899 1116 979 eandemque
1182 901 1248 958 in
1306 901 1648 959 universum
1710 899 2065 958 sententiam
2123 907 2329 977 postea
2392 900 2639 960 Carolus
2700 901 2924 961 Paulus

751 985 1061 1045 Schulzius
1112 987 1178 1043 in
1229 984 1426 1045 annal.
1486 983 1756 1043 scholast.
1809 983 2066 1042 Berolin.
2120 991 2162 1042 t.
2215 983 2516 1058 XXXIV,
2569 1007 2624 1065 p.
2681 987 2802 1045 375
2850 1006 2928 1045 ss,

747 1071 1019 1150 pluribus
1055 1068 1363 1129 defensum
1398 1071 1510 1127 ivit
1544 1064 1724 1143 (conf.
1760 1066 1903 1127 ibid.
1940 1076 1981 1126 t.
2016 1067 2258 1141 XXXI,
2293 1089 2350 1147 p.
2383 1069 2548 1147 700).
2618 1078 2822 1130 contra
2856 1089 2926 1130 ea

750 1164 1009 1216 veterem
1044 1156 1413 1227 sententiam,
1461 1155 1572 1213 etsi
1604 1152 1939 1232 paullulum
1973 1154 2360 1227 immutatam,
2399 1154 2470 1215 O.
2505 1156 2930 1215 Hameckerus

751 1243 1012 1321 quinque
1073 1238 1665 1298 commentationibus
1726 1237 1959 1297 crebras
2018 1240 2396 1317 repetitiones
2459 1260 2581 1299 non
2641 1240 2927 1317 fugiendo

750 1325 1044 1386 mordicus
1097 1326 1286 1383 tenuit
1337 1320 1418 1399 (v.
1466 1330 1904 1402 programmata
1954 1326 2359 1401 progymnasii
2404 1324 2930 1401 Friedebergensis

750 1431 1041 1470 annorum
1080 1410 1243 1469 1879
1282 1418 1340 1468 et
1378 1408 1560 1482 1882,
1607 1407 1806 1467 annal.
1856 1408 2035 1468 schol.
2072 1408 2264 1468 Berol.
2299 1409 2612 1483 XXXIII,
2647 1431 2703 1489 p.
2745 1412 2779 1467 7
2787 1412 2823 1467 2
2851 1431 2927 1470 se.

752 1505 812 1556 et
853 1494 1118 1568 XXXV,
1154 1515 1208 1572 p.
1250 1494 1370 1552 606
1403 1514 1492 1566 ss.,
1538 1493 1741 1571 philol.
1777 1493 1947 1566 XLI,
1983 1514 2038 1571 p.
2077 1493 2200 1552 465
2230 1493 2347 1571 ss.).
2420 1497 2523 1574 qui
2568 1516 2924 1575 quamquam

753 1582 988 1658 saepius
1042 1579 1186 1658 quid
1236 1581 1301 1637 in
1353 1578 1825 1638 adversariorum
1876 1581 2384 1654 argumentatione
2435 1579 2650 1639 falsum
2695 1590 2798 1639 aut
2840 1583 2930 1639 iu-

753 1665 989 1723 firmum
1035 1671 1187 1723 esset
1237 1672 1396 1723 recte
1449 1663 1890 1736 demonstravit,
1943 1671 2143 1723 tamen
2188 1664 2547 1743 obloquendi
2590 1665 2784 1724 studio
2828 1666 2931 1724 ab·

751 1757 953 1827 reptus
989 1750 1166 1807 etiam
1201 1767 1273 1807 ea
1307 1750 1552 1825 negavit
1586 1768 1740 1827 quae
1784 1750 1992 1825 negari
2026 1748 2189 1808 nullo
2237 1750 2409 1808 modo
2455 1759 2718 1828 possunt,
2765 1751 2929 1810 fecit-

754 1853 870 1914 que
905 1833 1303 1911 intellegendo
1337 1841 1404 1891 ut
1438 1833 1527 1893 nil
1551 1833 1938 1910 intellegeret.
2000 1835 2121 1892 iam
2146 1854 2351 1893 causas
2378 1834 2682 1894 adlaturus
2711 1836 2929 1914 quibus

752 1922 879 1998 ipse
915 1918 1176 1978 adducor
1207 1927 1275 1978 ut
1297 1921 1551 1977 ironiam
1577 1920 1641 1977 in
1670 1939 1717 1977 c.
1745 1919 1960 1977 XLIX
1987 1918 2346 1996 adgnoscam
2371 1940 2409 1978 a
2434 1920 2703 1980 versibus
2735 1922 2771 1978 5
2802 1929 2863 1980 et
2888 1921 2928 1978 6

751 2005 897 2062 mihi
941 2003 1430 2081 proficiscendum
1476 2023 1602 2064 esse
1647 2007 1860 2076 senti0,
1907 2003 2012 2062 ubi
2053 2004 2144 2062 bis
2190 2023 2252 2063 se
2297 2003 2566 2063 Catullus
2611 2007 2930 2083 pessimum

754 2092 1022 2148 omnium
1055 2097 1290 2167 poetam
1325 2097 1514 2148 vocat.
1576 2089 1690 2148 hoc
1725 2090 1950 2148 sincere
1985 2088 2060 2148 ab
2098 2107 2165 2147 eo
2194 2088 2414 2148 dictum
2451 2108 2577 2149 esse
2611 2089 2788 2150 hodie
2820 2092 2926 2148 vix

753 2176 1067 2253 quisquam
1113 2173 1476 2253 opinabitur,
1522 2194 1662 2233 nam
1699 2173 1898 2234 Caroli
1933 2172 2185 2233 Gustavi
2219 2174 2491 2251 Helbigii
2535 2181 2926 2233 commentum

752 2279 791 2318 a
826 2258 1137 2318 Schwabio
1172 2279 1228 2337 p.
1261 2260 1380 2316 127
1417 2258 1724 2317 laudatum
1757 2259 1987 2338 pridem
2023 2258 2332 2337 explosum
2369 2267 2470 2318 est.
2534 2262 2584 2317 si
2620 2266 2817 2318 autem
2853 2258 2930 2318 de

753 2361 820 2402 se
862 2351 1039 2422 poeta
1079 2363 1204 2401 non
1246 2362 1322 2403 ex
1368 2345 1553 2402 animi
1596 2346 1889 2404 sententia
1932 2343 2217 2402 iudicavit
2253 2344 2540 2417 Catullus,
2583 2363 2661 2404 ne
2697 2343 2932 2403 Cicero·

752 2448 893 2488 nem
929 2427 1166 2507 quidem
1200 2436 1512 2507 patronum
1547 2430 1875 2488 existimari
1916 2436 2109 2507 potest
2142 2448 2281 2488 vere
2324 2428 2607 2489 extollere
2651 2428 2926 2502 voluisse,

754 2514 1035 2593 quoniam
1069 2514 1252 2572 verba
1289 2513 1566 2593 ‘optimus
1603 2516 1865 2572 omnium
1889 2514 2196 2593 patronus'
2235 2521 2293 2573 et
2328 2513 2638 2594 ‘pessimus
2665 2516 2928 2573 omnium

753 2599 956 2678 poeta’
995 2620 1116 2658 non
1153 2599 1342 2660 solum
1377 2599 1627 2659 eandem
1663 2601 1943 2659 orationis
1969 2600 2220 2659 formam
2246 2600 2578 2672 ostendunt,
2616 2599 2721 2659 sed
2750 2602 2928 2658 etiam

757 2684 1122 2744 correlativis
1150 2684 1445 2744 adverbiis
1475 2695 1628 2742 tanto
1645 2717 1730 2726 —
1749 2695 1955 2760 quanto
1980 2686 2137 2744 inter
2163 2704 2225 2744 se
2255 2704 2483 2745 conexa
2500 2693 2651 2744 sunt.
2721 2704 2928 2743 verum

755 2773 1043 2848 pessimus
1079 2772 1341 2828 omnium
1374 2779 1550 2848 poeta
1586 2791 1721 2829 cum
1763 2789 1869 2848 per
1912 2788 1974 2828 se
2016 2790 2138 2828 non
2180 2772 2363 2848 possit
2405 2772 2523 2828 nisi
2568 2772 2619 2829 is
2661 2768 2929 2845 intellegi

756 2857 860 2934 qui
896 2874 971 2915 ex
1007 2856 1279 2914 omnibus
1315 2863 1602 2934 quotquot
1637 2863 1774 2913 sunt
1807 2857 1994 2933 poetis
2028 2855 2266 2913 infimus
2301 2853 2611 2928 sit,*verba
2648 2854 2927 2933 ‘optimus

757 2942 1020 2998 omnium
1070 2941 1377 3019 patronus’
1425 2940 1723 3019 duplicem
1768 2960 1804 2998 a
1846 2942 2035 3018 primo
2079 2960 2313 3000 sensum
2360 2939 2701 3012 admittunt,
2754 2946 2929 3017 prout

757 3045 958 3085 casum
1000 3025 1406 3101 interrogandi
1449 3025 1526 3084 ad
1570 3025 1927 3084 adiectivum
1974 3032 2077 3083 aut
2118 3024 2195 3083 ad
2238 3024 2669 3084 substantivum
2711 3042 2926 3082 nomen

754 3110 957 3169 trahis.
1023 3118 1202 3189 atque
1236 3113 1300 3169 in
1334 3110 1448 3169 hac
1482 3110 1796 3169 verborum
1833 3110 2220 3187 ambiguitate
2254 3131 2375 3169 non
2413 3110 2749 3169 dubitamus
2785 3111 2928 3188 quin

757 3202 934 3272 poeta
978 3194 1243 3253 consulto
1277 3195 1507 3267 luserit,
1554 3195 2049 3273 quemadmodum
2085 3213 2217 3254 eum
2255 3215 2301 3254 c.
2337 3195 2616 3254 LXXIX
2650 3195 2714 3252 in
2757 3214 2927 3252 voca-
2960 3236 2967 3242 -

754 3277 897 3338 bulo
925 3282 1128 3354 pulcer
1155 3279 1476 3357 eodemque
1501 3278 1763 3339 familiae
1790 3281 2096 3339 Romanae
2131 3282 2481 3357 cognomine
2514 3279 2724 3337 lusisse
2752 3298 2927 3357 supra

758 3362 1135 3422 ostendimuS.
1204 3383 1399 3443 neque
1434 3366 1650 3441 ,negari
1692 3373 1884 3443 potest
1933 3364 2088 3423 hanc
2140 3364 2460 3424 cavillandi
2503 3366 2789 3422 rationem
2841 3365 2927 3420 in-

757 3450 999 3525 geniose
1035 3470 1072 3507 a
1104 3457 1280 3527 poeta
1305 3449 1633 3507 institutam
1660 3469 1813 3509 esse:
1850 3468 2025 3528 quem
2052 3452 2209 3509 enim
2236 3450 2557 3509 secundum
2583 3467 2928 3526 praegressa

756 3534 940 3592 verba
975 3554 1115 3593 mox
1146 3541 1213 3592 ut
1247 3554 1536 3593 summum
1574 3543 1860 3594 oratorem
1894 3534 2297 3612 praedicatum
2331 3537 2405 3593 iri
2439 3540 2832 3613 expectamuS,
2877 3535 2927 3598 is

754 3619 951 3679 subito
996 3627 1063 3678 ut
1105 3620 1242 3679 vilis
1287 3621 1565 3693 omnium,
1620 3622 1657 3677 i.
1705 3639 1753 3679 e.
1799 3621 2053 3678 sontium
2103 3622 2324 3698 pariter
2367 3626 2543 3698 atque
2587 3619 2925 3690 insontium,

754 3713 1038 3783 patronus
1073 3704 1379 3778 inridetur,
1425 3704 1529 3764 sed
1563 3705 1766 3783 paullo
1803 3706 2031 3778 tectius,
2068 3713 2135 3763 ut
2167 3705 2378 3765 leviter
2412 3705 2666 3762 intuenti
2700 3702 2932 3761 laudari

753 3793 950 3867 potius
986 3810 1163 3869 quam
1199 3792 1521 3869 vituperari
1554 3789 1844 3850 videatur.
1917 3797 1978 3847 at
2018 3798 2219 3850 tamen
2261 3792 2366 3848 vix
2401 3789 2587 3848 ullum
2630 3787 2930 3847 hominem

751 3874 1087 3934 Romanum
1120 3875 1356 3934 illorum
1384 3868 1719 3954 ⁴temporum
1755 3874 2061 3953 aequalem
2096 3876 2278 3934 fuisse
2315 3877 2719 3938 existimamus
2750 3891 2926 3952 quem

755 3978 899 4017 vera
934 3968 1144 4037 poetae
1178 3961 1455 4037 cogitatio
1490 3968 1552 4020 et
1584 3960 1861 4020 voluntas
1896 3960 2129 4037 fugerit.
2192 3960 2459 4018 indicant
2484 3960 2642 4018 enim
2677 3959 2929 4015 ironiam

752 4044 1039 4120 conplura
1072 4044 1169 4103 vel
1213 4047 1275 4103 in
1321 4044 1560 4105 exordio
1606 4046 1899 4118 carminiS,
1947 4046 2133 4104 veluti
2178 4045 2459 4104 sollemne
2502 4042 2653 4101 illud
2704 4042 2930 4101 ‘Marce

754 4128 917 4187 Tulli
932 4129 965 4202 ‘,
1009 4148 1199 4206 genus
1233 4129 1625 4189 adlocutionis
1660 4150 1697 4189 a
1729 4130 1972 4208 reliquis
2010 4129 2231 4189 Catulli
2268 4129 2629 4188 carminibus
2668 4127 2931 4186 alienum

750 4210 917 4289 (nam
954 4235 1001 4273 c.
1038 4214 1171 4274 XII
1211 4218 1263 4290 1,
1308 4216 1413 4276 ubi
1457 4216 1598 4276 item
1635 4214 1751 4275 duo
1796 4218 2039 4274 nomina
2083 4216 2147 4273 in
2191 4213 2565 4274 adlocutione
2617 4215 2934 4272 coniuncta
3029 4243 3032 4246 ·
