3225 5171
1207 485 1439 540 LIBER

300 608 485 695 fagos
521 630 596 673 ac
631 618 800 674 recto
836 591 1128 694 proceras
1166 607 1378 693 stipite
1414 608 1651 683 laurus,

302 724 431 768 non
467 702 601 767 sine
635 703 884 767 nutanti
919 704 1173 788 platano
1208 703 1504 786 lentaque
1541 723 1753 767 sorore

210 836 222 844 κ
302 796 607 864 flammati
640 795 1059 861 Phaethontis
1093 806 1156 861 et
1193 797 1364 861 aeria
1398 818 1722 881 cupressu.

216 891 221 894 ’
303 889 461 954 haec
495 890 732 954 circum
769 889 951 954 sedes
986 890 1112 954 late
1150 900 1445 954 contexta
1478 889 1732 963 locavit,

303 982 688 1048 vestibulum
722 993 793 1047 ut
826 984 1001 1048 molli
1034 984 1313 1048 velatum
1348 984 1573 1048 fronde
1610 982 1860 1047 vireret.

302 1087 450 1160 post
481 1077 651 1141 hunc
688 1077 1094 1161 consequitur
1128 1078 1365 1142 sollerti
1403 1077 1589 1141 corde
1624 1074 2067 1153 Prometheus,

302 1181 645 1235 extenuata
677 1183 904 1255 gerens
940 1171 1167 1236 veteris
1204 1171 1472 1255 vestigia
1515 1179 1778 1255 poenae,

304 1284 499 1346 quam
534 1263 855 1346 quondam
891 1264 1049 1329 silici
1083 1257 1405 1328 restrictus
1441 1263 1728 1328 membra
1763 1272 1985 1328 catena

303 1357 607 1440 persolvit
638 1357 920 1442 pendens
957 1380 993 1422 e
1028 1357 1368 1422 verticibus
1403 1357 1778 1443 praeruptis.

303 1449 453 1515 inde
487 1460 667 1535 pater
701 1450 920 1515 divum
955 1460 1176 1515 sancta
1210 1472 1356 1515 cum
1392 1451 1661 1535 coniuge
1697 1449 1990 1533 natisque

304 1542 563 1608 advenit
595 1544 790 1621 cae10,
825 1554 887 1609 te
922 1544 1148 1620 solum,
1182 1544 1465 1620 Phoebe,
1502 1545 1866 1627 relinquens

303 1636 774 1721 unigenamque
810 1637 997 1702 simul
1033 1638 1357 1703 cultricem
1393 1637 1713 1701 montibus
1748 1637 1884 1701 Idr1

303 1729 504 1795 Pelea
535 1754 681 1795 nam
720 1740 929 1795 tecum
963 1731 1200 1816 pariter
1232 1752 1409 1795 soror
1443 1721 1984 1816 adspernatasff‘*

302 1845 425 1888 nec
459 1823 745 1889 Thetidis
781 1825 998 1889 taedas
1036 1824 1236 1890 voluit
1270 1824 1588 1889 celebrare
1625 1824 1875 1910 iugalis.

303 1917 417 1998 qui
448 1928 783 2001 postquam
817 1918 1017 1982 niveis
1051 1918 1360 1981 flexerunt
1395 1916 1652 1981 sedibus
1687 1926 1882 1992 artus,

305 2009 482 2095 large
517 2010 848 2095 multiplici
883 2020 1277 2076 constructae
1314 2021 1461 2073 sunt
1496 2010 1658 2094 dape
1693 2031 1972 2086 mensae,

308 2125 454 2169 cum
487 2103 724 2168 interea
757 2103 1004 2168 infirmo
1041 2104 1394 2186 quatientes
1431 2124 1695 2188 corpora
1730 2113 1910 2166 motu

307 2197 615 2262 veridicos
650 2218 880 2283 parcae
915 2207 1260 2282 coeperunt
1292 2196 1481 2261 edere
1518 2205 1762 2260 cantus.

306 2290 405 2355 his
442 2312 669 2376 corpus
704 2290 1041 2375 tremulum
1076 2291 1476 2375 conplectens
1510 2289 1792 2373 undique
1825 2289 2020 2355 vestis

305 2384 578 2451 candida
609 2406 928 2469 purpurea
963 2384 1122 2447 talos
1158 2383 1505 2449 incinxerat
1537 2405 1669 2461 ora,
1839 2465 1840 2468 Ἴ

307 2490 373 2544 at
404 2500 623 2543 roseae
656 2477 843 2541 niveo
877 2477 1239 2542 residebant
1271 2477 1505 2542 vertice
1541 2476 1756 2554 vittae,

305 2585 760 2657 aeternumque
795 2595 1020 2637 manus
1056 2571 1402 2658 carpebant
1434 2571 1552 2637 rite
1585 2570 1897 2637 laborem:

305 2668 490 2734 laeva
525 2668 733 2732 colum
766 2667 942 2731 molli
975 2667 1122 2731 lana
1154 2667 1465 2732 retinebat
1500 2667 1824 2751 amictum,
1876 2702 1880 2709 ·

305 2760 567 2827 dextera
601 2772 735 2826 tum
769 2762 990 2826 leviter
1025 2761 1344 2826 deducens
1379 2761 1489 2825 fila
1523 2760 1765 2845 supinis

305 2854 622 2920 formabat
656 2854 887 2940 digitis,
921 2866 1056 2919 tum
1090 2876 1287 2939 prono
1322 2854 1389 2917 in
1427 2853 1651 2938 pollice
1694 2862 1995 2936 torquens

306 2949 603 3013 libratum
638 2949 817 3012 tereti
852 2948 1144 3012 versabat
1178 2947 1425 3011 turbine
1461 2946 1802 3043 fusum÷5>

304 3052 501 3124 atque
535 3040 624 3104 ita
658 3040 999 3125 decerpens
1035 3041 1351 3123 aequabat
1384 3060 1630 3124 semper
1668 3060 1827 3123 opus
1862 3037 2040 3115 dens,

304 3135 614 3215 laneaque
650 3132 907 3197 aridulis
942 3132 1287 3197 haerebant
1320 3153 1531 3196 morsa
1564 3130 1831 3208 labellis,

304 3250 472 3313 quae
504 3224 682 3315 prius
715 3225 782 3289 in
815 3226 941 3291 levi
975 3227 1226 3290 fuerant
1260 3225 1540 3291 extantia
1574 3225 1712 3302 filo;

306 3331 453 3387 ante
488 3320 681 3406 pedes
716 3330 928 3385 autem
963 3320 1285 3385 candentis
1319 3319 1534 3384 mollia
1567 3319 1754 3384 lanae
1805 3332 1808 3333 ’

306 3415 540 3480 vellera
575 3413 802 3497 virgati
838 3413 1240 3478 custodibant
1274 3412 1618 3479 calathisci.

307 3507 427 3574 hae
463 3519 598 3571 tum
632 3507 941 3573 clarisona
973 3507 1276 3573 vellentes
1309 3508 1546 3572 vellera
1577 3526 1735 3572 voce

305 3601 459 3665 talia
491 3600 704 3664 divino
738 3599 1042 3666 fuderunt
1076 3601 1351 3666 carmine
1385 3600 1539 3677 fata,

306 3694 584 3760 carmine
619 3693 917 3779 perfidiae
953 3695 1122 3778 quod
1157 3705 1302 3779 post
1333 3695 1509 3758 nulla
1521 3648 1754 3780 argnffl't
1786 3699 1980 3759 aetas.

393 3793 460 3851 ‘o
497 3787 690 3853 decus
725 3788 1025 3853 eximium
1060 3789 1307 3874 magnis
1342 3788 1680 3852 virtutibus
1717 3809 1979 3874 augens,

308 3880 643 3946 Emathiae
678 3892 964 3947 tutamen
997 3882 1155 3967 opis,
1190 3880 1531 3946 clarissime
1565 3888 1737 3959 nat0,

304 3975 544 4059 accipe,
579 3975 750 4056 quod
783 3976 950 4041 laeta
983 3975 1099 4040 tibi
1132 3974 1421 4061 pandunt
1453 3976 1595 4041 luce
1631 3988 1898 4053 sorores,

306 4068 655 4149 veridicum
690 4070 1019 4134 oraclum.
1077 4069 1189 4135 sed
1225 4088 1358 4145 vos,
1393 4090 1558 4152 quae
1594 4068 1729 4134 fata
1764 4076 2082 4146 secuntur,

304 4161 537 4227 currite
574 4160 873 4228 ducentes
911 4162 1330 4248 subtegmina,
1369 4162 1619 4240 currite,
1655 4160 1803 4228 fusi.

410 4260 598 4304 cat-aeus
1965 4260 2004 4315 4

2256 465 2341 535 49

2379 1183 2483 1238 295

2373 2584 2479 2643 310

2274 3123 2279 3129 ‚
2371 3054 2478 3110 315

2319 3524 2481 3579 ‘320

2255 3988 2481 4082 ,325
