3225 5171
787 427 877 491 70
1645 435 1981 495 CATULLI

1776 627 1856 694 C.

794 747 1051 814 Caelius
1089 748 1461 813 Aufilenum
1497 758 1560 813 et
1594 747 1898 828 Quintius
1933 748 2300 815 Aufilenam

879 844 994 907 flos
1028 843 1472 909 Veronensum
1507 842 1855 927 depereunt
1887 842 2209 918 iuvenum,

794 936 899 1001 hio
933 938 1213 1014 fratrem,
1249 936 1354 1001 ille
1390 958 1689 1001 sororem.
1776 936 1897 1002 hoe
1934 947 2048 1013 est,
2084 929 2538 1073 quOEicitur,
2575 938 2731 1004 illud

880 1030 1226 1096 fraternum
1262 1053 1409 1095 vere
1444 1030 1631 1095 dulce
1673 1029 2053 1095 sodalitium.
2297 1023 2316 1038 ’
2525 1047 2528 1056 “

725 1136 764 1191 5
799 1125 900 1189 eui
935 1125 1188 1189 faveam
1221 1124 1468 1209 potius?
1514 1123 1713 1201 Caeli,
1749 1124 2079 1188 tibizss-nam
2116 1134 2226 1188 tua
2260 1125 2443 1191 nobis

878 1241 991 1304 per
1025 1218 1195 1282 faeta
1230 1216 1510 1282 exhibita
1545 1227 1641 1281 est
1675 1218 1863 1281 unica
1900 1217 2195 1294 amicitia,

794 1334 942 1378 eum
978 1334 1211 1377 vesana
1244 1334 1419 1376 meas
1455 1322 1719 1377 torreret
1753 1312 2008 1380 flamma
2045 1311 2373 1376 medullas·

880 1407 966 1471 sis
1001 1406 1173 1496 felix,
1213 1404 1414 1494 Caeli,
1451 1406 1536 1470 sis
1571 1406 1637 1470 in
1660 1421 1887 1470 'amore
1922 1416 2167 1492 potens.

1754 1822 1870 1889 01
1908 1716 3038 1868 αιωὼοψωλ

877 1942 1123 2007 Multas
1157 1965 1274 2028 per
1305 1952 1528 2028 gentes
1563 1953 1628 2008 et
1666 1943 1868 2007 multa
1901 1965 2014 2027 per
2048 1910 2325 2025 aequora
2358 1950 2578 2008 vectus

942 2037 1235 2110 advenio
1270 2036 1385 2101 has
1421 2037 1702 2112 miseras,
1740 2036 1953 2130 frater,
1990 2036 2081 2100 ad
2105 2036 2383 2113 inferias,
2477 2051 2507 2090 J

881 2141 955 2195 ut
987 2140 1049 2195 te
1084 2140 1401 2216 postremo
1438 2131 1739 2198 donarem
1774 2152 2037 2198 munere
2071 2129 2291 2194 mortis

968 2232 1033 2288 et
1062 2234 1306 2287 mutam
1341 2224 1728 2307 nequiquam
1765 2223 2140 2308 adloquerer
2175 2223 2469 2300 cinerem,

724 2338 765 2392 5
882 2317 1397 2401 quandoquidem
1433 2319 1688 2381 fortuna
1723 2317 1879 2381 mihi
1914 2328 1977 2381 te
2012 2327 2075 2382 te
2112 2317 2374 2381 abstulit
2406 2316 2635 2401 ipsum,

967 2410 1094 2476 heu
1129 2411 1319 2475 miser
1354 2411 1612 2496 indigne
1647 2411 1844 2475 frater
1878 2411 2171 2496 adempte
2205 2411 2380 2476 mihi.

886 2526 1056 2569 nunc
1082 2515 1294 2593 tamen
1318 2504 1561 2569 interea
1585 2504 1764 2584 ha'ee,
1801 2505 2007 2591 priseo
2033 2524 2197 2593 quae
2223 2523 2399 2569 more
2433 2515 2770 2590 parentum

971 2598 1200 2663 tradita
1235 2606 1382 2677 sunt
1416 2599 1608 2664 tristis
1642 2600 1907 2665 munera
1940 2599 2022 2664 ad
2057 2600 2333 2676 inferias,

887 2692 1104 2778 aecipe
1140 2693 1416 2764 fraterno
1451 2695 1723 2759 multum
1759 2693 2078 2758 manantia
2112 2694 2288 2770 fletu,

698 2805 766 2860 10
973 2797 1166 2872 atque
1197 2787 1264 2852 in
1298 2784 1697 2873 perpetuum,
1732 2787 1944 2865 frater,
1982 2810 2099 2852 ave
2134 2797 2324 2872 atque
2359 2784 2524 2853 vale.

1747 3192 1897 3260 011.

887 3311 964 3379 Si
999 3312 1339 3397 quicquam
1375 3313 1564 3378 tacito
1600 3313 2006 3378 commissum
2042 3322 2137 3378 est
2169 3313 2296 3376 fido
2332 3311 2414 3376 ab
2450 3311 2675 3390 ami00,

975 3407 1153 3471 euius
1190 3407 1270 3470 sit
1303 3407 1555 3491 penitus
1588 3418 1739 3471 nota
1772 3406 1928 3471 fides
1964 3407 2177 3482 animi,

891 3521 1120 3582 meque
1156 3523 1294 3564 esse
1330 3500 1611 3565 invenies
1647 3500 1896 3565 illorum
1932 3501 2067 3564 iure
2104 3510 2438 3574 sacratum,

979 3591 1267 3671 Corneli,
1292 3601 1358 3659 et
1389 3594 1629 3671 factum
1664 3616 1766 3658 me
1803 3615 1939 3658 esse
1974 3603 2128 3678 puta
2161 3593 2641 3679 Harpocratem.

1640 3981 1643 3985 ’
1729 3999 1914 4066 (3111.

892 4121 1030 4185 Aut
1069 4118 1251 4184 sodes
1286 4117 1441 4182 mihi
1477 4117 1671 4183 redde
1708 4119 1925 4183 decem
1962 4116 2267 4192 sestertia,
2308 4115 2464 4192 Silo,

982 4213 1208 4278 deinde
1244 4223 1379 4277 esto
1417 4212 1707 4297 quamvis
1744 4234 1970 4277 saevus
2006 4221 2069 4275 et
2101 4210 2469 4275 indomitus:
