<?xml version="1.0" encoding="UTF-8"?>
<!DOCTYPE html PUBLIC "-//W3C//DTD XHTML 1.0 Transitional//EN"
    "http://www.w3.org/TR/xhtml1/DTD/xhtml1-transitional.dtd">
<html xmlns="http://www.w3.org/1999/xhtml" xml:lang="en" lang="en">
 <head>
  <title>
</title>
<meta http-equiv="Content-Type" content="text/html;charset=utf-8" />
  <meta name='ocr-system' content='tesseract 3.04.00' />
  <meta name='ocr-capabilities' content='ocr_page ocr_carea ocr_par ocr_line ocrx_word'/>
</head>
<body>
  <div class='ocr_page' id='page_1' title='image "./cvalericatulliv00schmgoog_0022.png"; bbox 0 0 3225 5171; ppageno 0'>
   <div class='ocr_carea' id='block_1_1' title="bbox 800 455 2119 499">
    <p class='ocr_par' dir='ltr' id='par_1_1' title="bbox 800 455 2119 499">
     <span class='ocr_line' id='line_1_1' title="bbox 800 455 2119 499; baseline 0 -3"><span class='ocrx_word' id='word_1_1' title='bbox 800 457 907 499; x_wconf 83' lang='lat' dir='ltr'>XIV</span> <span class='ocrx_word' id='word_1_2' title='bbox 1664 455 2119 498; x_wconf 70' lang='lat' dir='ltr'>PROLEGOMENA</span> 
     </span>
    </p>
   </div>
   <div class='ocr_carea' id='block_1_2' title="bbox 798 572 2990 3033">
    <p class='ocr_par' dir='ltr' id='par_1_2' title="bbox 798 572 2990 3033">
     <span class='ocr_line' id='line_1_2' title="bbox 804 572 2987 654; baseline -0 -19"><span class='ocrx_word' id='word_1_3' title='bbox 804 594 1007 636; x_wconf 89' lang='lat' dir='ltr'>eorum</span> <span class='ocrx_word' id='word_1_4' title='bbox 1039 576 1104 634; x_wconf 93' lang='lat' dir='ltr'>in</span> <span class='ocrx_word' id='word_1_5' title='bbox 1129 577 1471 633; x_wconf 87' lang='lat' dir='ltr'>universum</span> <span class='ocrx_word' id='word_1_6' title='bbox 1495 572 1765 650; x_wconf 82' lang='lat' dir='ltr'>intellegi</span> <span class='ocrx_word' id='word_1_7' title='bbox 1789 581 1999 651; x_wconf 88' lang='lat' dir='ltr'>potest.</span> <span class='ocrx_word' id='word_1_8' title='bbox 2051 592 2237 633; x_wconf 90' lang='lat' dir='ltr'>unum</span> <span class='ocrx_word' id='word_1_9' title='bbox 2266 572 2339 634; x_wconf 89' lang='lat' dir='ltr'>de</span> <span class='ocrx_word' id='word_1_10' title='bbox 2365 576 2571 654; x_wconf 90' lang='lat' dir='ltr'>primis</span> <span class='ocrx_word' id='word_1_11' title='bbox 2597 596 2647 636; x_wconf 91' lang='lat' dir='ltr'>c.</span> <span class='ocrx_word' id='word_1_12' title='bbox 2667 575 2987 635; x_wconf 89' lang='lat' dir='ltr'>LXXXII</span> 
     </span>
     <span class='ocr_line' id='line_1_3' title="bbox 805 656 2984 740; baseline -0 -20"><span class='ocrx_word' id='word_1_13' title='bbox 805 679 932 720; x_wconf 89' lang='lat' dir='ltr'>esse</span> <span class='ocrx_word' id='word_1_14' title='bbox 967 659 1230 738; x_wconf 81' lang='lat' dir='ltr'>adparet,</span> <span class='ocrx_word' id='word_1_15' title='bbox 1266 661 1331 717; x_wconf 93' lang='lat' dir='ltr'>in</span> <span class='ocrx_word' id='word_1_16' title='bbox 1368 679 1482 738; x_wconf 90' lang='lat' dir='ltr'>quo</span> <span class='ocrx_word' id='word_1_17' title='bbox 1521 656 1833 731; x_wconf 80' lang='lat' dir='ltr'>Quintium</span> <span class='ocrx_word' id='word_1_18' title='bbox 1868 657 2165 737; x_wconf 83' lang='lat' dir='ltr'>quendam</span> <span class='ocrx_word' id='word_1_19' title='bbox 2201 659 2468 719; x_wconf 82' lang='lat' dir='ltr'>obsecrat</span> <span class='ocrx_word' id='word_1_20' title='bbox 2501 681 2579 721; x_wconf 90' lang='lat' dir='ltr'>ne</span> <span class='ocrx_word' id='word_1_21' title='bbox 2622 662 2735 720; x_wconf 86' lang='lat' dir='ltr'><strong>sibi</strong></span> <span class='ocrx_word' id='word_1_22' title='bbox 2771 663 2984 740; x_wconf 87' lang='lat' dir='ltr'>eripiat</span> 
     </span>
     <span class='ocr_line' id='line_1_4' title="bbox 806 743 2982 825; baseline 0 -21"><span class='ocrx_word' id='word_1_23' title='bbox 806 745 965 825; x_wconf 88' lang='lat' dir='ltr'>quod</span> <span class='ocrx_word' id='word_1_24' title='bbox 998 746 1114 823; x_wconf 88' lang='lat' dir='ltr'>ipsi</span> <span class='ocrx_word' id='word_1_25' title='bbox 1156 744 1342 803; x_wconf 90' lang='lat' dir='ltr'>multo</span> <span class='ocrx_word' id='word_1_26' title='bbox 1379 745 1570 802; x_wconf 90' lang='lat' dir='ltr'>carius</span> <span class='ocrx_word' id='word_1_27' title='bbox 1616 746 1693 802; x_wconf 85' lang='lat' dir='ltr'>sit</span> <span class='ocrx_word' id='word_1_28' title='bbox 1738 743 1939 802; x_wconf 89' lang='lat' dir='ltr'>oculis.</span> <span class='ocrx_word' id='word_1_29' title='bbox 2010 764 2150 803; x_wconf 90' lang='lat' dir='ltr'>nam</span> <span class='ocrx_word' id='word_1_30' title='bbox 2192 744 2303 803; x_wconf 91' lang='lat' dir='ltr'>hoc</span> <span class='ocrx_word' id='word_1_31' title='bbox 2347 765 2581 824; x_wconf 88' lang='lat' dir='ltr'>quoque</span> <span class='ocrx_word' id='word_1_32' title='bbox 2622 749 2982 824; x_wconf 87' lang='lat' dir='ltr'>poematium</span> 
     </span>
     <span class='ocr_line' id='line_1_5' title="bbox 804 827 2985 907; baseline -0 -18"><span class='ocrx_word' id='word_1_33' title='bbox 804 830 882 889; x_wconf 86' lang='lat' dir='ltr'>ad</span> <span class='ocrx_word' id='word_1_34' title='bbox 924 829 1220 902; x_wconf 87' lang='lat' dir='ltr'>Lesbiam,</span> <span class='ocrx_word' id='word_1_35' title='bbox 1274 849 1396 888; x_wconf 92' lang='lat' dir='ltr'>non</span> <span class='ocrx_word' id='word_1_36' title='bbox 1440 828 1518 887; x_wconf 90' lang='lat' dir='ltr'>ad</span> <span class='ocrx_word' id='word_1_37' title='bbox 1559 827 1919 901; x_wconf 90' lang='lat' dir='ltr'>Aufilenam,</span> <span class='ocrx_word' id='word_1_38' title='bbox 1974 827 2051 886; x_wconf 90' lang='lat' dir='ltr'>ad</span> <span class='ocrx_word' id='word_1_39' title='bbox 2095 848 2272 907; x_wconf 91' lang='lat' dir='ltr'>quam</span> <span class='ocrx_word' id='word_1_40' title='bbox 2322 830 2503 906; x_wconf 89' lang='lat' dir='ltr'>vulgo</span> <span class='ocrx_word' id='word_1_41' title='bbox 2555 831 2763 891; x_wconf 87' lang='lat' dir='ltr'>referri</span> <span class='ocrx_word' id='word_1_42' title='bbox 2814 832 2985 903; x_wconf 83' lang='lat' dir='ltr'>solet,</span> 
     </span>
     <span class='ocr_line' id='line_1_6' title="bbox 805 911 2984 994; baseline -0 -19"><span class='ocrx_word' id='word_1_43' title='bbox 805 923 1070 994; x_wconf 88' lang='lat' dir='ltr'>spectare</span> <span class='ocrx_word' id='word_1_44' title='bbox 1114 917 1243 973; x_wconf 89' lang='lat' dir='ltr'>iure</span> <span class='ocrx_word' id='word_1_45' title='bbox 1288 912 1590 972; x_wconf 82' lang='lat' dir='ltr'>contendit</span> <span class='ocrx_word' id='word_1_46' title='bbox 1608 982 1611 987; x_wconf 28' lang='lat'>&gt;</span> <span class='ocrx_word' id='word_1_47' title='bbox 1632 913 1999 973; x_wconf 87' lang='lat' dir='ltr'>Ribbeckius</span> <span class='ocrx_word' id='word_1_48' title='bbox 2042 913 2080 970; x_wconf 92' lang='lat'>1.</span> <span class='ocrx_word' id='word_1_49' title='bbox 2128 933 2173 972; x_wconf 92' lang='lat' dir='ltr'>c.</span> <span class='ocrx_word' id='word_1_50' title='bbox 2219 911 2529 986; x_wconf 81' lang='lat' dir='ltr'>Quintium</span> <span class='ocrx_word' id='word_1_51' title='bbox 2573 923 2771 975; x_wconf 89' lang='lat' dir='ltr'>autem</span> <span class='ocrx_word' id='word_1_52' title='bbox 2822 914 2984 974; x_wconf 89' lang='lat' dir='ltr'>hunc</span> 
     </span>
     <span class='ocr_line' id='line_1_7' title="bbox 807 997 2986 1079; baseline -0.001 -18"><span class='ocrx_word' id='word_1_53' title='bbox 807 1000 1030 1061; x_wconf 83' lang='lat' dir='ltr'>Catulli</span> <span class='ocrx_word' id='word_1_54' title='bbox 1064 998 1409 1079; x_wconf 86' lang='lat' dir='ltr'>popularem</span> <span class='ocrx_word' id='word_1_55' title='bbox 1442 997 1629 1058; x_wconf 86' lang='lat' dir='ltr'>fuisse</span> <span class='ocrx_word' id='word_1_56' title='bbox 1661 1016 1740 1058; x_wconf 85' lang='lat' dir='ltr'>ex</span> <span class='ocrx_word' id='word_1_57' title='bbox 1775 1019 1822 1056; x_wconf 93' lang='lat' dir='ltr'>c.</span> <span class='ocrx_word' id='word_1_58' title='bbox 1854 997 1920 1072; x_wconf 84' lang='lat' dir='ltr'>O,</span> <span class='ocrx_word' id='word_1_59' title='bbox 1957 998 2115 1078; x_wconf 91' lang='lat' dir='ltr'>quod</span> <span class='ocrx_word' id='word_1_60' title='bbox 2151 998 2376 1078; x_wconf 89' lang='lat' dir='ltr'>aliquot</span> <span class='ocrx_word' id='word_1_61' title='bbox 2410 1002 2583 1059; x_wconf 87' lang='lat' dir='ltr'>annis</span> <span class='ocrx_word' id='word_1_62' title='bbox 2618 1009 2765 1079; x_wconf 88' lang='lat' dir='ltr'>post,</span> <span class='ocrx_word' id='word_1_63' title='bbox 2801 1001 2986 1078; x_wconf 86' lang='lat' dir='ltr'>plane</span> 
     </span>
     <span class='ocr_line' id='line_1_8' title="bbox 805 1082 2982 1164; baseline 0 -20"><span class='ocrx_word' id='word_1_64' title='bbox 805 1085 1086 1144; x_wconf 87' lang='lat' dir='ltr'>dissoluto</span> <span class='ocrx_word' id='word_1_65' title='bbox 1139 1091 1350 1164; x_wconf 86' lang='lat' dir='ltr'>poetae</span> <span class='ocrx_word' id='word_1_66' title='bbox 1401 1103 1535 1142; x_wconf 91' lang='lat' dir='ltr'>cum</span> <span class='ocrx_word' id='word_1_67' title='bbox 1585 1082 1806 1143; x_wconf 87' lang='lat' dir='ltr'>Lesbia</span> <span class='ocrx_word' id='word_1_68' title='bbox 1858 1103 2070 1156; x_wconf 91' lang='lat' dir='ltr'>amore,</span> <span class='ocrx_word' id='word_1_69' title='bbox 2125 1085 2401 1143; x_wconf 87' lang='lat' dir='ltr'>Veronae</span> <span class='ocrx_word' id='word_1_70' title='bbox 2450 1088 2818 1164; x_wconf 85' lang='lat' dir='ltr'>conpositum</span> <span class='ocrx_word' id='word_1_71' title='bbox 2872 1093 2982 1159; x_wconf 90' lang='lat' dir='ltr'>est,</span> 
     </span>
     <span class='ocr_line' id='line_1_9' title="bbox 802 1168 2990 1250; baseline -0.002 -18"><span class='ocrx_word' id='word_1_72' title='bbox 802 1173 1169 1250; x_wconf 82' lang='lat' dir='ltr'>perspicitur,</span> <span class='ocrx_word' id='word_1_73' title='bbox 1217 1168 1541 1246; x_wconf 89' lang='lat' dir='ltr'>eodemque</span> <span class='ocrx_word' id='word_1_74' title='bbox 1576 1187 1653 1227; x_wconf 91' lang='lat' dir='ltr'>ex</span> <span class='ocrx_word' id='word_1_75' title='bbox 1697 1170 2121 1246; x_wconf 85' lang='lat' dir='ltr'>epigrammate</span> <span class='ocrx_word' id='word_1_76' title='bbox 2164 1169 2547 1248; x_wconf 86' lang='lat' dir='ltr'>probabiliter</span> <span class='ocrx_word' id='word_1_77' title='bbox 2581 1170 2859 1247; x_wconf 86' lang='lat' dir='ltr'>colligere</span> <span class='ocrx_word' id='word_1_78' title='bbox 2893 1172 2990 1228; x_wconf 84' lang='lat' dir='ltr'>vi·-</span> 
     </span>
     <span class='ocr_line' id='line_1_10' title="bbox 804 1248 2986 1334; baseline 0 -20"><span class='ocrx_word' id='word_1_79' title='bbox 804 1255 1009 1316; x_wconf 89' lang='lat' dir='ltr'>demur</span> <span class='ocrx_word' id='word_1_80' title='bbox 1040 1257 1219 1313; x_wconf 88' lang='lat' dir='ltr'>istum</span> <span class='ocrx_word' id='word_1_81' title='bbox 1251 1248 1550 1312; x_wconf 84' lang='lat' dir='ltr'>hominem</span> <span class='ocrx_word' id='word_1_82' title='bbox 1584 1254 1859 1331; x_wconf 89' lang='lat' dir='ltr'>precibus</span> <span class='ocrx_word' id='word_1_83' title='bbox 1887 1255 2139 1312; x_wconf 89' lang='lat' dir='ltr'>amantis</span> <span class='ocrx_word' id='word_1_84' title='bbox 2166 1254 2308 1312; x_wconf 91' lang='lat' dir='ltr'>olim</span> <span class='ocrx_word' id='word_1_85' title='bbox 2333 1275 2456 1314; x_wconf 92' lang='lat' dir='ltr'>non</span> <span class='ocrx_word' id='word_1_86' title='bbox 2482 1255 2986 1334; x_wconf 84' lang='lat' dir='ltr'>obtemperavisse</span> 
     </span>
     <span class='ocr_line' id='line_1_11' title="bbox 803 1335 2986 1418; baseline -0 -18"><span class='ocrx_word' id='word_1_87' title='bbox 803 1337 1075 1415; x_wconf 86' lang='lat' dir='ltr'>(fortasse</span> <span class='ocrx_word' id='word_1_88' title='bbox 1116 1341 1300 1416; x_wconf 85' lang='lat' dir='ltr'>igitur</span> <span class='ocrx_word' id='word_1_89' title='bbox 1336 1335 1417 1394; x_wconf 87' lang='lat' dir='ltr'>ad</span> <span class='ocrx_word' id='word_1_90' title='bbox 1456 1337 1710 1397; x_wconf 90' lang='lat' dir='ltr'>eundem</span> <span class='ocrx_word' id='word_1_91' title='bbox 1752 1341 2010 1416; x_wconf 87' lang='lat' dir='ltr'>pertinet</span> <span class='ocrx_word' id='word_1_92' title='bbox 2050 1341 2228 1398; x_wconf 86' lang='lat' dir='ltr'>etiam</span> <span class='ocrx_word' id='word_1_93' title='bbox 2272 1359 2319 1397; x_wconf 92' lang='lat' dir='ltr'>c.</span> <span class='ocrx_word' id='word_1_94' title='bbox 2354 1339 2499 1408; x_wconf 87' lang='lat' dir='ltr'>LX,</span> <span class='ocrx_word' id='word_1_95' title='bbox 2545 1341 2826 1418; x_wconf 87' lang='lat' dir='ltr'>scriptum</span> <span class='ocrx_word' id='word_1_96' title='bbox 2871 1342 2986 1399; x_wconf 81' lang='lat' dir='ltr'>sci·</span> 
     </span>
     <span class='ocr_line' id='line_1_12' title="bbox 801 1421 2978 1503; baseline -0.001 -18"><span class='ocrx_word' id='word_1_97' title='bbox 801 1426 943 1485; x_wconf 86' lang='lat' dir='ltr'>licet</span> <span class='ocrx_word' id='word_1_98' title='bbox 985 1446 1022 1484; x_wconf 91' lang='lat' dir='ltr'>a</span> <span class='ocrx_word' id='word_1_99' title='bbox 1063 1430 1239 1503; x_wconf 87' lang='lat' dir='ltr'>poeta</span> <span class='ocrx_word' id='word_1_100' title='bbox 1289 1426 1599 1501; x_wconf 86' lang='lat' dir='ltr'>postquam</span> <span class='ocrx_word' id='word_1_101' title='bbox 1653 1423 1837 1482; x_wconf 85' lang='lat' dir='ltr'>verba</span> <span class='ocrx_word' id='word_1_102' title='bbox 1890 1441 1952 1483; x_wconf 90' lang='lat' dir='ltr'>se</span> <span class='ocrx_word' id='word_1_103' title='bbox 2003 1422 2329 1501; x_wconf 85' lang='lat' dir='ltr'>perdidisse</span> <span class='ocrx_word' id='word_1_104' title='bbox 2381 1421 2789 1500; x_wconf 85' lang='lat' dir='ltr'>cognoverat),</span> <span class='ocrx_word' id='word_1_105' title='bbox 2844 1446 2978 1484; x_wconf 87' lang='lat' dir='ltr'>cum</span> 
     </span>
     <span class='ocr_line' id='line_1_13' title="bbox 804 1506 2982 1588; baseline -0.001 -18"><span class='ocrx_word' id='word_1_106' title='bbox 804 1510 1042 1572; x_wconf 85' lang='lat' dir='ltr'>Caelius</span> <span class='ocrx_word' id='word_1_107' title='bbox 1077 1517 1282 1567; x_wconf 87' lang='lat' dir='ltr'>contra</span> <span class='ocrx_word' id='word_1_108' title='bbox 1307 1509 1446 1564; x_wconf 90' lang='lat' dir='ltr'>item</span> <span class='ocrx_word' id='word_1_109' title='bbox 1471 1506 1832 1567; x_wconf 87' lang='lat' dir='ltr'>Veronensis</span> <span class='ocrx_word' id='word_1_110' title='bbox 1867 1507 1971 1567; x_wconf 93' lang='lat' dir='ltr'>illo</span> <span class='ocrx_word' id='word_1_111' title='bbox 1999 1516 2259 1586; x_wconf 88' lang='lat' dir='ltr'>tempore</span> <span class='ocrx_word' id='word_1_112' title='bbox 2284 1528 2402 1588; x_wconf 91' lang='lat' dir='ltr'>quo</span> <span class='ocrx_word' id='word_1_113' title='bbox 2429 1529 2550 1568; x_wconf 88' lang='lat' dir='ltr'>una</span> <span class='ocrx_word' id='word_1_114' title='bbox 2578 1530 2711 1568; x_wconf 92' lang='lat' dir='ltr'>cum</span> <span class='ocrx_word' id='word_1_115' title='bbox 2741 1508 2982 1568; x_wconf 86' lang='lat' dir='ltr'>Catullo</span> 
     </span>
     <span class='ocr_line' id='line_1_14' title="bbox 800 1595 2979 1673; baseline 0 -19"><span class='ocrx_word' id='word_1_116' title='bbox 800 1597 1027 1654; x_wconf 85' lang='lat' dir='ltr'>Romae</span> <span class='ocrx_word' id='word_1_117' title='bbox 1073 1595 1315 1668; x_wconf 86' lang='lat' dir='ltr'>degeret</span> <span class='ocrx_word' id='word_1_118' title='bbox 1362 1603 1573 1651; x_wconf 82' lang='lat' dir='ltr'>verum</span> <span class='ocrx_word' id='word_1_119' title='bbox 1625 1595 1681 1652; x_wconf 91' lang='lat' dir='ltr'>ei</span> <span class='ocrx_word' id='word_1_120' title='bbox 1732 1595 1986 1651; x_wconf 92' lang='lat' dir='ltr'>amicum</span> <span class='ocrx_word' id='word_1_121' title='bbox 2040 1613 2166 1653; x_wconf 88' lang='lat' dir='ltr'>sese</span> <span class='ocrx_word' id='word_1_122' title='bbox 2214 1602 2553 1673; x_wconf 87' lang='lat' dir='ltr'>praestaret,</span> <span class='ocrx_word' id='word_1_123' title='bbox 2608 1598 2733 1654; x_wconf 82' lang='lat' dir='ltr'>sive</span> <span class='ocrx_word' id='word_1_124' title='bbox 2785 1595 2979 1654; x_wconf 87' lang='lat' dir='ltr'>oranti</span> 
     </span>
     <span class='ocr_line' id='line_1_15' title="bbox 800 1676 2988 1758; baseline -0 -19"><span class='ocrx_word' id='word_1_125' title='bbox 800 1682 1189 1757; x_wconf 85' lang='lat' dir='ltr'>morigeratus</span> <span class='ocrx_word' id='word_1_126' title='bbox 1224 1698 1261 1736; x_wconf 87' lang='lat' dir='ltr'>a</span> <span class='ocrx_word' id='word_1_127' title='bbox 1292 1676 1548 1736; x_wconf 89' lang='lat' dir='ltr'>Lesbiae</span> <span class='ocrx_word' id='word_1_128' title='bbox 1582 1695 1783 1736; x_wconf 89' lang='lat' dir='ltr'>amore</span> <span class='ocrx_word' id='word_1_129' title='bbox 1818 1697 1882 1737; x_wconf 90' lang='lat' dir='ltr'>se</span> <span class='ocrx_word' id='word_1_130' title='bbox 1916 1677 2237 1737; x_wconf 87' lang='lat' dir='ltr'>abstineret</span> <span class='ocrx_word' id='word_1_131' title='bbox 2278 1682 2404 1738; x_wconf 88' lang='lat' dir='ltr'>sive</span> <span class='ocrx_word' id='word_1_132' title='bbox 2440 1698 2871 1758; x_wconf 88' lang='lat' dir='ltr'>quamcumque</span> <span class='ocrx_word' id='word_1_133' title='bbox 2908 1699 2988 1738; x_wconf 90' lang='lat' dir='ltr'>ea.</span> 
     </span>
     <span class='ocr_line' id='line_1_16' title="bbox 801 1763 2989 1842; baseline 0 -19"><span class='ocrx_word' id='word_1_134' title='bbox 801 1767 866 1823; x_wconf 90' lang='lat' dir='ltr'>in</span> <span class='ocrx_word' id='word_1_135' title='bbox 916 1783 983 1823; x_wconf 88' lang='lat' dir='ltr'>re</span> <span class='ocrx_word' id='word_1_136' title='bbox 1025 1783 1264 1842; x_wconf 88' lang='lat' dir='ltr'>operam</span> <span class='ocrx_word' id='word_1_137' title='bbox 1316 1769 1578 1821; x_wconf 86' lang='lat' dir='ltr'>navaret.</span> <span class='ocrx_word' id='word_1_138' title='bbox 1651 1783 1689 1820; x_wconf 84' lang='lat' dir='ltr'>a</span> <span class='ocrx_word' id='word_1_139' title='bbox 1741 1765 2000 1822; x_wconf 87' lang='lat' dir='ltr'>carmine</span> <span class='ocrx_word' id='word_1_140' title='bbox 2049 1763 2364 1823; x_wconf 91' lang='lat' dir='ltr'>LXXXII</span> <span class='ocrx_word' id='word_1_141' title='bbox 2415 1764 2646 1823; x_wconf 89' lang='lat' dir='ltr'>modico</span> <span class='ocrx_word' id='word_1_142' title='bbox 2698 1767 2989 1842; x_wconf 75' lang='lat' dir='ltr'>temporis</span> 
     </span>
     <span class='ocr_line' id='line_1_17' title="bbox 799 1846 2975 1928; baseline 0 -20"><span class='ocrx_word' id='word_1_143' title='bbox 799 1848 1112 1909; x_wconf 86' lang='lat' dir='ltr'>intervallo</span> <span class='ocrx_word' id='word_1_144' title='bbox 1158 1847 1376 1907; x_wconf 85' lang='lat' dir='ltr'>distare</span> <span class='ocrx_word' id='word_1_145' title='bbox 1416 1846 1655 1906; x_wconf 85' lang='lat' dir='ltr'>videtur</span> <span class='ocrx_word' id='word_1_146' title='bbox 1695 1847 1831 1921; x_wconf 92' lang='lat' dir='ltr'>XL,</span> <span class='ocrx_word' id='word_1_147' title='bbox 1887 1851 1940 1907; x_wconf 81' lang='lat' dir='ltr'>si</span> <span class='ocrx_word' id='word_1_148' title='bbox 1981 1848 2221 1927; x_wconf 91' lang='lat' dir='ltr'>quidem</span> <span class='ocrx_word' id='word_1_149' title='bbox 2266 1851 2504 1908; x_wconf 91' lang='lat' dir='ltr'>omnino</span> <span class='ocrx_word' id='word_1_150' title='bbox 2549 1849 2664 1908; x_wconf 91' lang='lat' dir='ltr'>huc</span> <span class='ocrx_word' id='word_1_151' title='bbox 2704 1852 2975 1928; x_wconf 87' lang='lat' dir='ltr'>pertinet,</span> 
     </span>
     <span class='ocr_line' id='line_1_18' title="bbox 798 1931 2983 2014; baseline 0 -21"><span class='ocrx_word' id='word_1_152' title='bbox 798 1937 864 1993; x_wconf 88' lang='lat' dir='ltr'>in</span> <span class='ocrx_word' id='word_1_153' title='bbox 898 1955 1014 2014; x_wconf 92' lang='lat' dir='ltr'>quo</span> <span class='ocrx_word' id='word_1_154' title='bbox 1049 1940 1226 2012; x_wconf 83' lang='lat' dir='ltr'>poeta</span> <span class='ocrx_word' id='word_1_155' title='bbox 1258 1931 1491 1992; x_wconf 83' lang='lat' dir='ltr'>Ravido</span> <span class='ocrx_word' id='word_1_156' title='bbox 1529 1931 1766 1991; x_wconf 90' lang='lat' dir='ltr'>cuidam</span> <span class='ocrx_word' id='word_1_157' title='bbox 1799 1952 2048 2011; x_wconf 87' lang='lat' dir='ltr'>poenam</span> <span class='ocrx_word' id='word_1_158' title='bbox 2086 1936 2360 2007; x_wconf 87' lang='lat' dir='ltr'>minatur,</span> <span class='ocrx_word' id='word_1_159' title='bbox 2405 1937 2546 2012; x_wconf 90' lang='lat' dir='ltr'>quia</span> <span class='ocrx_word' id='word_1_160' title='bbox 2581 1955 2715 1994; x_wconf 91' lang='lat' dir='ltr'>suos</span> <span class='ocrx_word' id='word_1_161' title='bbox 2751 1955 2983 1994; x_wconf 83' lang='lat' dir='ltr'>amores</span> 
     </span>
     <span class='ocr_line' id='line_1_19' title="bbox 799 2016 2983 2099; baseline 0 -21"><span class='ocrx_word' id='word_1_162' title='bbox 799 2038 999 2079; x_wconf 87' lang='lat' dir='ltr'>amare</span> <span class='ocrx_word' id='word_1_163' title='bbox 1036 2020 1305 2079; x_wconf 87' lang='lat' dir='ltr'>voluerit.</span> <span class='ocrx_word' id='word_1_164' title='bbox 1376 2017 1560 2076; x_wconf 89' lang='lat' dir='ltr'>alium</span> <span class='ocrx_word' id='word_1_165' title='bbox 1604 2016 1852 2077; x_wconf 79' lang='lat' dir='ltr'>rivalem</span> <span class='ocrx_word' id='word_1_166' title='bbox 1891 2016 2162 2077; x_wconf 84' lang='lat' dir='ltr'>Catullus</span> <span class='ocrx_word' id='word_1_167' title='bbox 2205 2019 2464 2079; x_wconf 87' lang='lat' dir='ltr'>habebat</span> <span class='ocrx_word' id='word_1_168' title='bbox 2500 2019 2759 2080; x_wconf 87' lang='lat' dir='ltr'>Gellium</span> <span class='ocrx_word' id='word_1_169' title='bbox 2795 2039 2983 2099; x_wconf 92' lang='lat' dir='ltr'>quen-</span> 
     </span>
     <span class='ocr_line' id='line_1_20' title="bbox 801 2099 2976 2184; baseline 0 -20"><span class='ocrx_word' id='word_1_170' title='bbox 801 2104 953 2176; x_wconf 90' lang='lat' dir='ltr'>dam,</span> <span class='ocrx_word' id='word_1_171' title='bbox 976 2124 1230 2184; x_wconf 90' lang='lat' dir='ltr'>quocum</span> <span class='ocrx_word' id='word_1_172' title='bbox 1256 2102 1440 2161; x_wconf 89' lang='lat' dir='ltr'>multo</span> <span class='ocrx_word' id='word_1_173' title='bbox 1468 2122 1580 2162; x_wconf 92' lang='lat' dir='ltr'>usu</span> <span class='ocrx_word' id='word_1_174' title='bbox 1607 2105 1956 2162; x_wconf 74' lang='lat' dir='ltr'>coniunctus</span> <span class='ocrx_word' id='word_1_175' title='bbox 1974 2103 2169 2164; x_wconf 78' lang='lat' dir='ltr'>fuerat</span> <span class='ocrx_word' id='word_1_176' title='bbox 2186 2099 2363 2178; x_wconf 87' lang='lat' dir='ltr'>(conf.</span> <span class='ocrx_word' id='word_1_177' title='bbox 2384 2125 2431 2162; x_wconf 93' lang='lat' dir='ltr'>c.</span> <span class='ocrx_word' id='word_1_178' title='bbox 2452 2103 2601 2163; x_wconf 86' lang='lat' dir='ltr'>XCI</span> <span class='ocrx_word' id='word_1_179' title='bbox 2627 2107 2658 2161; x_wconf 91' lang='lat'>1</span> <span class='ocrx_word' id='word_1_180' title='bbox 2681 2125 2725 2162; x_wconf 77' lang='lat' dir='ltr'>s,</span> <span class='ocrx_word' id='word_1_181' title='bbox 2748 2112 2807 2164; x_wconf 89' lang='lat' dir='ltr'>et</span> <span class='ocrx_word' id='word_1_182' title='bbox 2827 2108 2862 2163; x_wconf 90' lang='grc'><strong>6</strong></span> <span class='ocrx_word' id='word_1_183' title='bbox 2884 2101 2976 2178; x_wconf 88' lang='lat' dir='ltr'>s..)</span> 
     </span>
     <span class='ocr_line' id='line_1_21' title="bbox 800 2174 2986 2268; baseline 0 -19"><span class='ocrx_word' id='word_1_184' title='bbox 800 2193 854 2249; x_wconf 90' lang='lat' dir='ltr'>is</span> <span class='ocrx_word' id='word_1_185' title='bbox 889 2210 1011 2248; x_wconf 92' lang='lat' dir='ltr'>non</span> <span class='ocrx_word' id='word_1_186' title='bbox 1046 2196 1355 2248; x_wconf 90' lang='lat' dir='ltr'>contentus</span> <span class='ocrx_word' id='word_1_187' title='bbox 1384 2208 1516 2246; x_wconf 92' lang='lat' dir='ltr'>cum</span> <span class='ocrx_word' id='word_1_188' title='bbox 1542 2187 1759 2248; x_wconf 87' lang='lat' dir='ltr'>Lesbia</span> <span class='ocrx_word' id='word_1_189' title='bbox 1796 2174 2183 2248; x_wconf 76' lang='lat' dir='ltr'>adulterare</span> <span class='ocrx_word' id='word_1_190' title='bbox 2165 2208 2359 2268; x_wconf 77' lang='lat' dir='ltr'>ipsum</span> <span class='ocrx_word' id='word_1_191' title='bbox 2386 2191 2565 2249; x_wconf 90' lang='lat' dir='ltr'>etiam</span> <span class='ocrx_word' id='word_1_192' title='bbox 2589 2190 2872 2263; x_wconf 87' lang='lat' dir='ltr'>versibus,</span> <span class='ocrx_word' id='word_1_193' title='bbox 2911 2197 2986 2250; x_wconf 76' lang='lat' dir='ltr'>ut-</span> 
     </span>
     <span class='ocr_line' id='line_1_22' title="bbox 799 2266 2979 2353; baseline 0.001 -21"><span class='ocrx_word' id='word_1_194' title='bbox 799 2273 1100 2346; x_wconf 87' lang='lat' dir='ltr'>videtur,</span> <span class='ocrx_word' id='word_1_195' title='bbox 1082 2294 1147 2332; x_wconf 84' lang='grc' dir='ltr'>ιιι</span> <span class='ocrx_word' id='word_1_196' title='bbox 1172 2292 1308 2332; x_wconf 87' lang='lat' dir='ltr'>eum</span> <span class='ocrx_word' id='word_1_197' title='bbox 1334 2272 1507 2331; x_wconf 88' lang='lat' dir='ltr'>factis</span> <span class='ocrx_word' id='word_1_198' title='bbox 1535 2272 1845 2332; x_wconf 88' lang='lat' dir='ltr'>cavillatus</span> <span class='ocrx_word' id='word_1_199' title='bbox 1872 2266 1973 2332; x_wconf 70' lang='lat' dir='ltr'>est.</span> <span class='ocrx_word' id='word_1_200' title='bbox 2028 2290 2205 2353; x_wconf 82' lang='lat' dir='ltr'>quem</span> <span class='ocrx_word' id='word_1_201' title='bbox 2231 2282 2299 2333; x_wconf 89' lang='lat' dir='ltr'>ut</span> <span class='ocrx_word' id='word_1_202' title='bbox 2322 2274 2551 2347; x_wconf 90' lang='lat' dir='ltr'>leniret,</span> <span class='ocrx_word' id='word_1_203' title='bbox 2581 2274 2635 2334; x_wconf 90' lang='lat' dir='ltr'>ei</span> <span class='ocrx_word' id='word_1_204' title='bbox 2660 2283 2727 2332; x_wconf 91' lang='lat' dir='ltr'>ut</span> <span class='ocrx_word' id='word_1_205' title='bbox 2749 2275 2979 2334; x_wconf 90' lang='lat' dir='ltr'>homini</span> 
     </span>
     <span class='ocr_line' id='line_1_23' title="bbox 802 2356 2982 2437; baseline 0.001 -21"><span class='ocrx_word' id='word_1_206' title='bbox 802 2357 1064 2417; x_wconf 87' lang='lat' dir='ltr'>studioso</span> <span class='ocrx_word' id='word_1_207' title='bbox 1101 2360 1364 2416; x_wconf 90' lang='lat' dir='ltr'>carmina</span> <span class='ocrx_word' id='word_1_208' title='bbox 1390 2356 1682 2435; x_wconf 90' lang='lat' dir='ltr'>quaedam</span> <span class='ocrx_word' id='word_1_209' title='bbox 1710 2356 2061 2417; x_wconf 76' lang='lat' dir='ltr'>Callimachi</span> <span class='ocrx_word' id='word_1_210' title='bbox 2096 2361 2161 2418; x_wconf 89' lang='lat' dir='ltr'>in</span> <span class='ocrx_word' id='word_1_211' title='bbox 2185 2362 2442 2437; x_wconf 88' lang='lat' dir='ltr'>patrium</span> <span class='ocrx_word' id='word_1_212' title='bbox 2476 2378 2802 2419; x_wconf 89' lang='lat' dir='ltr'>sermonem</span> <span class='ocrx_word' id='word_1_213' title='bbox 2839 2380 2982 2419; x_wconf 88' lang='lat' dir='ltr'>con·</span> 
     </span>
     <span class='ocr_line' id='line_1_24' title="bbox 801 2441 2977 2522; baseline 0.001 -21"><span class='ocrx_word' id='word_1_214' title='bbox 801 2462 975 2502; x_wconf 89' lang='lat' dir='ltr'>versa</span> <span class='ocrx_word' id='word_1_215' title='bbox 1007 2445 1238 2502; x_wconf 89' lang='lat' dir='ltr'>mittere</span> <span class='ocrx_word' id='word_1_216' title='bbox 1273 2443 1591 2502; x_wconf 82' lang='lat' dir='ltr'>constituit.</span> <span class='ocrx_word' id='word_1_217' title='bbox 1646 2441 1751 2501; x_wconf 88' lang='lat' dir='ltr'>sed</span> <span class='ocrx_word' id='word_1_218' title='bbox 1782 2448 2094 2522; x_wconf 86' lang='lat' dir='ltr'>postquam</span> <span class='ocrx_word' id='word_1_219' title='bbox 2129 2443 2289 2503; x_wconf 91' lang='lat' dir='ltr'>hunc</span> <span class='ocrx_word' id='word_1_220' title='bbox 2321 2444 2584 2503; x_wconf 90' lang='lat' dir='ltr'>laborem</span> <span class='ocrx_word' id='word_1_221' title='bbox 2618 2445 2835 2503; x_wconf 70' lang='lat' dir='ltr'>frustra</span> <span class='ocrx_word' id='word_1_222' title='bbox 2861 2445 2977 2504; x_wconf 89' lang='lat' dir='ltr'>sibi</span> 
     </span>
     <span class='ocr_line' id='line_1_25' title="bbox 802 2525 2978 2607; baseline 0.001 -19"><span class='ocrx_word' id='word_1_223' title='bbox 802 2534 1098 2607; x_wconf 89' lang='lat' dir='ltr'>sumptum</span> <span class='ocrx_word' id='word_1_224' title='bbox 1135 2546 1262 2587; x_wconf 88' lang='lat' dir='ltr'>esse</span> <span class='ocrx_word' id='word_1_225' title='bbox 1295 2525 1604 2600; x_wconf 82' lang='lat' dir='ltr'>intellexit,</span> <span class='ocrx_word' id='word_1_226' title='bbox 1645 2526 1865 2587; x_wconf 89' lang='lat' dir='ltr'>eisdem</span> <span class='ocrx_word' id='word_1_227' title='bbox 1897 2528 2047 2602; x_wconf 90' lang='lat' dir='ltr'>telis,</span> <span class='ocrx_word' id='word_1_228' title='bbox 2093 2536 2156 2587; x_wconf 88' lang='lat' dir='ltr'>at</span> <span class='ocrx_word' id='word_1_229' title='bbox 2187 2529 2375 2590; x_wconf 89' lang='lat' dir='ltr'>multo</span> <span class='ocrx_word' id='word_1_230' title='bbox 2419 2528 2866 2603; x_wconf 87' lang='lat' dir='ltr'>efficacioribus,</span> <span class='ocrx_word' id='word_1_231' title='bbox 2913 2549 2978 2591; x_wconf 88' lang='lat' dir='ltr'>se</span> 
     </span>
     <span class='ocr_line' id='line_1_26' title="bbox 803 2610 2977 2691; baseline 0 -18"><span class='ocrx_word' id='word_1_232' title='bbox 803 2621 1009 2673; x_wconf 89' lang='lat' dir='ltr'>contra</span> <span class='ocrx_word' id='word_1_233' title='bbox 1041 2612 1211 2671; x_wconf 89' lang='lat' dir='ltr'>illum</span> <span class='ocrx_word' id='word_1_234' title='bbox 1247 2632 1490 2671; x_wconf 89' lang='lat' dir='ltr'>usurum</span> <span class='ocrx_word' id='word_1_235' title='bbox 1525 2631 1653 2671; x_wconf 89' lang='lat' dir='ltr'>esse</span> <span class='ocrx_word' id='word_1_236' title='bbox 1688 2612 1977 2691; x_wconf 87' lang='lat' dir='ltr'>praedicit</span> <span class='ocrx_word' id='word_1_237' title='bbox 2004 2610 2076 2688; x_wconf 93' lang='lat' dir='ltr'>(c.</span> <span class='ocrx_word' id='word_1_238' title='bbox 2106 2612 2327 2687; x_wconf 83' lang='lat' dir='ltr'>CXVI,</span> <span class='ocrx_word' id='word_1_239' title='bbox 2364 2616 2430 2674; x_wconf 92' lang='lat' dir='ltr'>in</span> <span class='ocrx_word' id='word_1_240' title='bbox 2466 2618 2633 2674; x_wconf 90' lang='lat' dir='ltr'>cuius</span> <span class='ocrx_word' id='word_1_241' title='bbox 2666 2634 2719 2673; x_wconf 84' lang='lat' dir='ltr'>v.</span> <span class='ocrx_word' id='word_1_242' title='bbox 2751 2617 2783 2671; x_wconf 91' lang='lat'>1</span> <span class='ocrx_word' id='word_1_243' title='bbox 2822 2616 2977 2674; x_wconf 90' lang='lat' dir='ltr'>illud</span> 
     </span>
     <span class='ocr_line' id='line_1_27' title="bbox 803 2697 2978 2778; baseline 0 -21"><span class='ocrx_word' id='word_1_244' title='bbox 803 2701 1050 2757; x_wconf 74' lang='lat' dir='ltr'>studioso</span> <span class='ocrx_word' id='word_1_245' title='bbox 1084 2718 1205 2758; x_wconf 91' lang='lat' dir='ltr'>non</span> <span class='ocrx_word' id='word_1_246' title='bbox 1241 2717 1373 2757; x_wconf 92' lang='lat' dir='ltr'>cum</span> <span class='ocrx_word' id='word_1_247' title='bbox 1408 2699 1589 2755; x_wconf 82' lang='lat' dir='ltr'>animo</span> <span class='ocrx_word' id='word_1_248' title='bbox 1623 2697 1931 2770; x_wconf 85' lang='lat' dir='ltr'>vocabulo,</span> <span class='ocrx_word' id='word_1_249' title='bbox 1977 2706 2044 2757; x_wconf 89' lang='lat' dir='ltr'>ut</span> <span class='ocrx_word' id='word_1_250' title='bbox 2078 2698 2318 2777; x_wconf 90' lang='lat' dir='ltr'>quidam</span> <span class='ocrx_word' id='word_1_251' title='bbox 2347 2702 2565 2778; x_wconf 83' lang='lat' dir='ltr'>&#39;inepte</span> <span class='ocrx_word' id='word_1_252' title='bbox 2596 2707 2824 2777; x_wconf 89' lang='lat' dir='ltr'>putant,</span> <span class='ocrx_word' id='word_1_253' title='bbox 2871 2700 2978 2760; x_wconf 90' lang='lat' dir='ltr'>sed</span> 
     </span>
     <span class='ocr_line' id='line_1_28' title="bbox 802 2782 2985 2863; baseline -0.002 -20"><span class='ocrx_word' id='word_1_254' title='bbox 802 2803 938 2843; x_wconf 90' lang='lat' dir='ltr'>cum</span> <span class='ocrx_word' id='word_1_255' title='bbox 989 2785 1089 2841; x_wconf 79' lang='lat' dir='ltr'>tibi</span> <span class='ocrx_word' id='word_1_256' title='bbox 1135 2785 1483 2862; x_wconf 81' lang='lat' dir='ltr'>pronomine</span> <span class='ocrx_word' id='word_1_257' title='bbox 1534 2782 2016 2859; x_wconf 77' lang='lat' dir='ltr'>coniungendam</span> <span class='ocrx_word' id='word_1_258' title='bbox 2069 2782 2206 2861; x_wconf 89' lang='lat' dir='ltr'>est),</span> <span class='ocrx_word' id='word_1_259' title='bbox 2261 2801 2478 2863; x_wconf 86' lang='lat' dir='ltr'>easque</span> <span class='ocrx_word' id='word_1_260' title='bbox 2529 2786 2721 2856; x_wconf 88' lang='lat' dir='ltr'>minas</span> <span class='ocrx_word' id='word_1_261' title='bbox 2773 2793 2985 2862; x_wconf 84' lang='lat' dir='ltr'>postea.</span> 
     </span>
     <span class='ocr_line' id='line_1_29' title="bbox 802 2867 2977 2947; baseline 0 -18"><span class='ocrx_word' id='word_1_262' title='bbox 802 2877 1083 2929; x_wconf 86' lang='lat' dir='ltr'>executus</span> <span class='ocrx_word' id='word_1_263' title='bbox 1135 2876 1225 2928; x_wconf 87' lang='lat' dir='ltr'>est</span> <span class='ocrx_word' id='word_1_264' title='bbox 1266 2867 1657 2928; x_wconf 88' lang='lat' dir='ltr'>acerbissimis</span> <span class='ocrx_word' id='word_1_265' title='bbox 1709 2870 2149 2946; x_wconf 88' lang='lat' dir='ltr'>epigrammatis</span> <span class='ocrx_word' id='word_1_266' title='bbox 2191 2870 2256 2928; x_wconf 90' lang='lat' dir='ltr'>in</span> <span class='ocrx_word' id='word_1_267' title='bbox 2301 2868 2564 2929; x_wconf 87' lang='lat' dir='ltr'>Gellium</span> <span class='ocrx_word' id='word_1_268' title='bbox 2608 2872 2864 2947; x_wconf 88' lang='lat' dir='ltr'>scriptis,</span> <span class='ocrx_word' id='word_1_269' title='bbox 2910 2873 2977 2930; x_wconf 86' lang='lat' dir='ltr'>in</span> 
     </span>
     <span class='ocr_line' id='line_1_30' title="bbox 801 2955 2981 3033; baseline 0 -21"><span class='ocrx_word' id='word_1_270' title='bbox 801 2955 1015 3033; x_wconf 88' lang='lat' dir='ltr'>quibus</span> <span class='ocrx_word' id='word_1_271' title='bbox 1051 2961 1253 3033; x_wconf 89' lang='lat' dir='ltr'>stupra</span> <span class='ocrx_word' id='word_1_272' title='bbox 1296 2973 1430 3011; x_wconf 90' lang='lat' dir='ltr'>cum</span> <span class='ocrx_word' id='word_1_273' title='bbox 1473 2972 1658 3013; x_wconf 89' lang='lat' dir='ltr'>uxore</span> <span class='ocrx_word' id='word_1_274' title='bbox 1701 2956 1921 3032; x_wconf 89' lang='lat' dir='ltr'>patrui,</span> <span class='ocrx_word' id='word_1_275' title='bbox 1968 2973 2101 3011; x_wconf 89' lang='lat' dir='ltr'>cum</span> <span class='ocrx_word' id='word_1_276' title='bbox 2145 2962 2357 3028; x_wconf 89' lang='lat' dir='ltr'>matre,</span> <span class='ocrx_word' id='word_1_277' title='bbox 2405 2975 2536 3014; x_wconf 91' lang='lat' dir='ltr'>cum</span> <span class='ocrx_word' id='word_1_278' title='bbox 2581 2972 2778 3013; x_wconf 91' lang='lat' dir='ltr'>sorore</span> <span class='ocrx_word' id='word_1_279' title='bbox 2821 2974 2981 3013; x_wconf 88' lang='lat' dir='ltr'>com·</span> 
     </span>
    </p>
   </div>
   <div class='ocr_carea' id='block_1_3' title="bbox 740 3037 2980 4310">
    <p class='ocr_par' dir='ltr' id='par_1_3' title="bbox 740 3037 2980 4310">
     <span class='ocr_line' id='line_1_31' title="bbox 799 3037 2974 3114; baseline 0 -16"><span class='ocrx_word' id='word_1_280' title='bbox 799 3042 980 3099; x_wconf 88' lang='lat' dir='ltr'>missa</span> <span class='ocrx_word' id='word_1_281' title='bbox 1051 3047 1111 3098; x_wconf 89' lang='lat' dir='ltr'>et</span> <span class='ocrx_word' id='word_1_282' title='bbox 1174 3038 1424 3097; x_wconf 88' lang='lat' dir='ltr'>fellandi</span> <span class='ocrx_word' id='word_1_283' title='bbox 1488 3037 1800 3098; x_wconf 89' lang='lat' dir='ltr'>libidinem</span> <span class='ocrx_word' id='word_1_284' title='bbox 1869 3040 1927 3097; x_wconf 91' lang='lat' dir='ltr'>ei</span> <span class='ocrx_word' id='word_1_285' title='bbox 1994 3039 2176 3098; x_wconf 89' lang='lat' dir='ltr'>obicit</span> <span class='ocrx_word' id='word_1_286' title='bbox 2235 3037 2309 3114; x_wconf 89' lang='lat' dir='ltr'>(c.</span> <span class='ocrx_word' id='word_1_287' title='bbox 2368 3039 2656 3098; x_wconf 89' lang='lat' dir='ltr'>LXXIV.</span> <span class='ocrx_word' id='word_1_288' title='bbox 2709 3040 2974 3099; x_wconf 91' lang='lat' dir='ltr'>LXXX.</span> 
     </span>
     <span class='ocr_line' id='line_1_32' title="bbox 799 3121 2980 3199; baseline 0 -17"><span class='ocrx_word' id='word_1_289' title='bbox 799 3121 1480 3199; x_wconf 82' lang='lat' dir='ltr'>LXXXVIII—XCI).</span> <span class='ocrx_word' id='word_1_290' title='bbox 1549 3122 1710 3182; x_wconf 88' lang='lat' dir='ltr'>hunc</span> <span class='ocrx_word' id='word_1_291' title='bbox 1755 3122 2035 3196; x_wconf 84' lang='lat' dir='ltr'>Gellium,</span> <span class='ocrx_word' id='word_1_292' title='bbox 2084 3130 2154 3182; x_wconf 83' lang='lat' dir='ltr'>ut</span> <span class='ocrx_word' id='word_1_293' title='bbox 2193 3122 2257 3181; x_wconf 89' lang='lat' dir='ltr'>id</span> <span class='ocrx_word' id='word_1_294' title='bbox 2310 3126 2509 3183; x_wconf 85' lang='lat' dir='ltr'>statim</span> <span class='ocrx_word' id='word_1_295' title='bbox 2560 3123 2793 3197; x_wconf 90' lang='lat' dir='ltr'>addam,</span> <span class='ocrx_word' id='word_1_296' title='bbox 2849 3127 2980 3185; x_wconf 85' lang='lat' dir='ltr'>veri</span> 
     </span>
     <span class='ocr_line' id='line_1_33' title="bbox 740 3206 2974 3287; baseline 0 -20"><span class='ocrx_word' id='word_1_297' title='bbox 740 3237 742 3239; x_wconf 23' lang='lat' dir='ltr'>v</span> <span class='ocrx_word' id='word_1_298' title='bbox 802 3207 993 3267; x_wconf 87' lang='lat' dir='ltr'>simile</span> <span class='ocrx_word' id='word_1_299' title='bbox 1046 3214 1136 3266; x_wconf 91' lang='lat' dir='ltr'>est</span> <span class='ocrx_word' id='word_1_300' title='bbox 1184 3206 1364 3265; x_wconf 88' lang='lat' dir='ltr'>fuisse</span> <span class='ocrx_word' id='word_1_301' title='bbox 1405 3207 1476 3265; x_wconf 90' lang='lat' dir='ltr'>L.</span> <span class='ocrx_word' id='word_1_302' title='bbox 1524 3206 1804 3279; x_wconf 83' lang='lat' dir='ltr'>Gellium,</span> <span class='ocrx_word' id='word_1_303' title='bbox 1856 3209 1927 3267; x_wconf 92' lang='lat' dir='ltr'>L.</span> <span class='ocrx_word' id='word_1_304' title='bbox 1974 3207 2157 3267; x_wconf 82' lang='lat' dir='ltr'>Gellii</span> <span class='ocrx_word' id='word_1_305' title='bbox 2198 3209 2556 3287; x_wconf 87' lang='lat' dir='ltr'>Poplicolae,</span> <span class='ocrx_word' id='word_1_306' title='bbox 2609 3209 2868 3268; x_wconf 88' lang='lat' dir='ltr'>consulis</span> <span class='ocrx_word' id='word_1_307' title='bbox 2923 3230 2974 3269; x_wconf 89' lang='lat' dir='ltr'>a.</span> 
     </span>
     <span class='ocr_line' id='line_1_34' title="bbox 804 3287 2978 3372; baseline 0.001 -21"><span class='ocrx_word' id='word_1_308' title='bbox 804 3287 951 3368; x_wconf 74' lang='lat'>682]</span> <span class='ocrx_word' id='word_1_309' title='bbox 956 3295 990 3349; x_wconf 87' lang='lat'>7</span> <span class='ocrx_word' id='word_1_310' title='bbox 997 3292 1061 3365; x_wconf 87' lang='grc'>2,</span> <span class='ocrx_word' id='word_1_311' title='bbox 1108 3290 1323 3362; x_wconf 90' lang='lat' dir='ltr'>filium,</span> <span class='ocrx_word' id='word_1_312' title='bbox 1369 3309 1545 3370; x_wconf 90' lang='lat' dir='ltr'>quem</span> <span class='ocrx_word' id='word_1_313' title='bbox 1579 3290 1855 3352; x_wconf 88' lang='lat' dir='ltr'>Valerius</span> <span class='ocrx_word' id='word_1_314' title='bbox 1900 3293 2199 3351; x_wconf 87' lang='lat' dir='ltr'>Maximus</span> <span class='ocrx_word' id='word_1_315' title='bbox 2233 3293 2293 3353; x_wconf 89' lang='lat' dir='ltr'><strong>V</strong></span> <span class='ocrx_word' id='word_1_316' title='bbox 2329 3294 2365 3351; x_wconf 89' lang='lat'>9</span> <span class='ocrx_word' id='word_1_317' title='bbox 2406 3297 2439 3352; x_wconf 91' lang='lat'>1</span> <span class='ocrx_word' id='word_1_318' title='bbox 2487 3301 2689 3353; x_wconf 86' lang='lat' dir='ltr'>narrat</span> <span class='ocrx_word' id='word_1_319' title='bbox 2728 3314 2765 3353; x_wconf 87' lang='lat' dir='ltr'>a</span> <span class='ocrx_word' id='word_1_320' title='bbox 2806 3302 2978 3372; x_wconf 88' lang='lat' dir='ltr'>patre</span> 
     </span>
     <span class='ocr_line' id='line_1_35' title="bbox 802 3377 2977 3459; baseline 0.001 -24"><span class='ocrx_word' id='word_1_321' title='bbox 802 3384 1044 3456; x_wconf 87' lang='lat' dir='ltr'>propter</span> <span class='ocrx_word' id='word_1_322' title='bbox 1079 3378 1265 3455; x_wconf 90' lang='lat' dir='ltr'>stupri</span> <span class='ocrx_word' id='word_1_323' title='bbox 1300 3377 1364 3434; x_wconf 93' lang='lat' dir='ltr'>in</span> <span class='ocrx_word' id='word_1_324' title='bbox 1399 3395 1720 3435; x_wconf 85' lang='lat' dir='ltr'>novercam</span> <span class='ocrx_word' id='word_1_325' title='bbox 1752 3378 2049 3436; x_wconf 89' lang='lat' dir='ltr'>commissi</span> <span class='ocrx_word' id='word_1_326' title='bbox 2083 3385 2142 3436; x_wconf 89' lang='lat' dir='ltr'>et</span> <span class='ocrx_word' id='word_1_327' title='bbox 2174 3379 2479 3456; x_wconf 88' lang='lat' dir='ltr'>parricidii</span> <span class='ocrx_word' id='word_1_328' title='bbox 2513 3380 2756 3455; x_wconf 88' lang='lat' dir='ltr'>cogitati</span> <span class='ocrx_word' id='word_1_329' title='bbox 2790 3382 2977 3459; x_wconf 89' lang='lat' dir='ltr'>suspi-</span> 
     </span>
     <span class='ocr_line' id='line_1_36' title="bbox 805 3461 2979 3525; baseline 0.001 -4"><span class='ocrx_word' id='word_1_330' title='bbox 805 3464 1035 3521; x_wconf 89' lang='lat' dir='ltr'>cionem</span> <span class='ocrx_word' id='word_1_331' title='bbox 1071 3463 1136 3520; x_wconf 92' lang='lat' dir='ltr'>in</span> <span class='ocrx_word' id='word_1_332' title='bbox 1183 3461 1494 3519; x_wconf 87' lang='lat' dir='ltr'>consilium</span> <span class='ocrx_word' id='word_1_333' title='bbox 1538 3464 1899 3520; x_wconf 88' lang='lat' dir='ltr'>senatorium</span> <span class='ocrx_word' id='word_1_334' title='bbox 1942 3461 2019 3521; x_wconf 86' lang='lat' dir='ltr'>ad</span> <span class='ocrx_word' id='word_1_335' title='bbox 2063 3482 2301 3522; x_wconf 89' lang='lat' dir='ltr'>causam</span> <span class='ocrx_word' id='word_1_336' title='bbox 2345 3463 2657 3523; x_wconf 88' lang='lat' dir='ltr'>dicendam</span> <span class='ocrx_word' id='word_1_337' title='bbox 2700 3473 2979 3525; x_wconf 83' lang='lat' dir='ltr'>vocatum</span> 
     </span>
     <span class='ocr_line' id='line_1_37' title="bbox 802 3546 2977 3626; baseline 0.001 -20"><span class='ocrx_word' id='word_1_338' title='bbox 802 3548 878 3607; x_wconf 90' lang='lat' dir='ltr'>ab</span> <span class='ocrx_word' id='word_1_339' title='bbox 925 3565 1112 3626; x_wconf 90' lang='lat' dir='ltr'>eoque</span> <span class='ocrx_word' id='word_1_340' title='bbox 1157 3546 1490 3606; x_wconf 88' lang='lat' dir='ltr'>absolutum</span> <span class='ocrx_word' id='word_1_341' title='bbox 1543 3565 1684 3606; x_wconf 88' lang='lat' dir='ltr'>esse.</span> <span class='ocrx_word' id='word_1_342' title='bbox 1763 3567 1902 3605; x_wconf 92' lang='lat' dir='ltr'>nam</span> <span class='ocrx_word' id='word_1_343' title='bbox 1960 3556 2194 3625; x_wconf 88' lang='lat' dir='ltr'>praeter</span> <span class='ocrx_word' id='word_1_344' title='bbox 2243 3548 2394 3607; x_wconf 90' lang='lat' dir='ltr'>illud</span> <span class='ocrx_word' id='word_1_345' title='bbox 2444 3552 2701 3608; x_wconf 89' lang='lat' dir='ltr'>incestus</span> <span class='ocrx_word' id='word_1_346' title='bbox 2754 3552 2977 3609; x_wconf 91' lang='lat' dir='ltr'>crimen</span> 
     </span>
     <span class='ocr_line' id='line_1_38' title="bbox 805 3629 2976 3713; baseline 0 -21"><span class='ocrx_word' id='word_1_347' title='bbox 805 3635 984 3693; x_wconf 88' lang='lat' dir='ltr'>etiam</span> <span class='ocrx_word' id='word_1_348' title='bbox 1018 3640 1180 3691; x_wconf 89' lang='lat' dir='ltr'>aetas</span> <span class='ocrx_word' id='word_1_349' title='bbox 1216 3634 1523 3711; x_wconf 88' lang='lat' dir='ltr'>utriusque</span> <span class='ocrx_word' id='word_1_350' title='bbox 1559 3634 1853 3705; x_wconf 84' lang='lat' dir='ltr'>convenit,</span> <span class='ocrx_word' id='word_1_351' title='bbox 1889 3632 2127 3712; x_wconf 88' lang='lat' dir='ltr'>quando</span> <span class='ocrx_word' id='word_1_352' title='bbox 2164 3636 2336 3693; x_wconf 90' lang='lat' dir='ltr'>annis</span> <span class='ocrx_word' id='word_1_353' title='bbox 2365 3629 2593 3713; x_wconf 74' lang='lat' dir='ltr'>695s59</span> <span class='ocrx_word' id='word_1_354' title='bbox 2629 3642 2691 3693; x_wconf 87' lang='lat' dir='ltr'>et</span> <span class='ocrx_word' id='word_1_355' title='bbox 2726 3629 2976 3710; x_wconf 81' lang='lat' dir='ltr'>696s58,</span> 
     </span>
     <span class='ocr_line' id='line_1_39' title="bbox 805 3716 2980 3798; baseline 0.002 -22"><span class='ocrx_word' id='word_1_356' title='bbox 805 3719 1036 3798; x_wconf 77' lang='lat' dir='ltr'>quibuS,</span> <span class='ocrx_word' id='word_1_357' title='bbox 1073 3726 1142 3775; x_wconf 87' lang='lat' dir='ltr'>ut</span> <span class='ocrx_word' id='word_1_358' title='bbox 1174 3716 1334 3776; x_wconf 83' lang='lat' dir='ltr'>infra</span> <span class='ocrx_word' id='word_1_359' title='bbox 1368 3716 1694 3795; x_wconf 88' lang='lat' dir='ltr'>adparebit,</span> <span class='ocrx_word' id='word_1_360' title='bbox 1741 3718 1942 3776; x_wconf 89' lang='lat' dir='ltr'>omnia</span> <span class='ocrx_word' id='word_1_361' title='bbox 1976 3720 2238 3777; x_wconf 90' lang='lat' dir='ltr'>carmina</span> <span class='ocrx_word' id='word_1_362' title='bbox 2272 3727 2477 3778; x_wconf 88' lang='lat' dir='ltr'>contra</span> <span class='ocrx_word' id='word_1_363' title='bbox 2510 3727 2800 3779; x_wconf 87' lang='lat' dir='ltr'>amatores</span> <span class='ocrx_word' id='word_1_364' title='bbox 2833 3720 2980 3780; x_wconf 86' lang='lat' dir='ltr'>Les·</span> 
     </span>
     <span class='ocr_line' id='line_1_40' title="bbox 805 3801 2977 3883; baseline 0 -20"><span class='ocrx_word' id='word_1_365' title='bbox 805 3804 942 3864; x_wconf 90' lang='lat' dir='ltr'>biae</span> <span class='ocrx_word' id='word_1_366' title='bbox 977 3805 1189 3863; x_wconf 87' lang='lat' dir='ltr'>emissa</span> <span class='ocrx_word' id='word_1_367' title='bbox 1223 3802 1600 3862; x_wconf 89' lang='lat' dir='ltr'>attribuenda</span> <span class='ocrx_word' id='word_1_368' title='bbox 1643 3809 1805 3876; x_wconf 88' lang='lat' dir='ltr'>sunt,</span> <span class='ocrx_word' id='word_1_369' title='bbox 1849 3802 1920 3860; x_wconf 92' lang='lat' dir='ltr'>L.</span> <span class='ocrx_word' id='word_1_370' title='bbox 1960 3801 2207 3877; x_wconf 83' lang='lat' dir='ltr'>Gellius,</span> <span class='ocrx_word' id='word_1_371' title='bbox 2251 3803 2593 3883; x_wconf 88' lang='lat' dir='ltr'>Poplicolae</span> <span class='ocrx_word' id='word_1_372' title='bbox 2636 3803 2810 3877; x_wconf 86' lang='lat' dir='ltr'>filius,</span> <span class='ocrx_word' id='word_1_373' title='bbox 2855 3825 2977 3864; x_wconf 92' lang='lat' dir='ltr'>non</span> 
     </span>
     <span class='ocr_line' id='line_1_41' title="bbox 800 3884 2979 3968; baseline 0 -21"><span class='ocrx_word' id='word_1_374' title='bbox 800 3896 996 3967; x_wconf 87' lang='lat' dir='ltr'>potest</span> <span class='ocrx_word' id='word_1_375' title='bbox 1035 3907 1157 3946; x_wconf 92' lang='lat' dir='ltr'>non</span> <span class='ocrx_word' id='word_1_376' title='bbox 1199 3887 1545 3948; x_wconf 87' lang='lat' dir='ltr'>adulescens</span> <span class='ocrx_word' id='word_1_377' title='bbox 1587 3886 1796 3961; x_wconf 83' lang='lat' dir='ltr'>fuisse,</span> <span class='ocrx_word' id='word_1_378' title='bbox 1843 3895 2047 3966; x_wconf 90' lang='lat' dir='ltr'>utpote</span> <span class='ocrx_word' id='word_1_379' title='bbox 2091 3889 2193 3968; x_wconf 92' lang='lat' dir='ltr'>qui</span> <span class='ocrx_word' id='word_1_380' title='bbox 2238 3908 2289 3947; x_wconf 90' lang='lat' dir='ltr'>a.</span> <span class='ocrx_word' id='word_1_381' title='bbox 2329 3884 2557 3968; x_wconf 60' lang='lat'>718736</span> <span class='ocrx_word' id='word_1_382' title='bbox 2605 3889 2979 3949; x_wconf 88' lang='lat' dir='ltr'>consulatum</span> 
     </span>
     <span class='ocr_line' id='line_1_42' title="bbox 805 3970 2979 4050; baseline 0.001 -17"><span class='ocrx_word' id='word_1_383' title='bbox 805 3974 1066 4050; x_wconf 88' lang='lat' dir='ltr'>gesserit,</span> <span class='ocrx_word' id='word_1_384' title='bbox 1123 3970 1525 4031; x_wconf 87' lang='lat' dir='ltr'>Catullianum</span> <span class='ocrx_word' id='word_1_385' title='bbox 1569 3980 1768 4032; x_wconf 88' lang='lat' dir='ltr'>autem</span> <span class='ocrx_word' id='word_1_386' title='bbox 1814 3971 2074 4033; x_wconf 83' lang='lat' dir='ltr'>Gellium</span> <span class='ocrx_word' id='word_1_387' title='bbox 2115 3976 2180 4033; x_wconf 92' lang='lat' dir='ltr'>in</span> <span class='ocrx_word' id='word_1_388' title='bbox 2224 3974 2367 4033; x_wconf 87' lang='lat' dir='ltr'>flore</span> <span class='ocrx_word' id='word_1_389' title='bbox 2417 3977 2743 4035; x_wconf 87' lang='lat' dir='ltr'>iuventutis</span> <span class='ocrx_word' id='word_1_390' title='bbox 2794 3973 2979 4035; x_wconf 83' lang='lat' dir='ltr'>fuisse</span> 
     </span>
     <span class='ocr_line' id='line_1_43' title="bbox 805 4057 2975 4137; baseline 0 -20"><span class='ocrx_word' id='word_1_391' title='bbox 805 4076 941 4117; x_wconf 92' lang='lat' dir='ltr'>cum</span> <span class='ocrx_word' id='word_1_392' title='bbox 991 4077 1098 4137; x_wconf 88' lang='lat' dir='ltr'>per</span> <span class='ocrx_word' id='word_1_393' title='bbox 1149 4075 1212 4117; x_wconf 87' lang='lat' dir='ltr'>se</span> <span class='ocrx_word' id='word_1_394' title='bbox 1262 4057 1651 4134; x_wconf 87' lang='lat' dir='ltr'>intellegitur,</span> <span class='ocrx_word' id='word_1_395' title='bbox 1704 4064 1832 4117; x_wconf 87' lang='lat' dir='ltr'>tum</span> <span class='ocrx_word' id='word_1_396' title='bbox 1885 4060 2161 4117; x_wconf 87' lang='lat' dir='ltr'>carminis</span> <span class='ocrx_word' id='word_1_397' title='bbox 2211 4058 2457 4116; x_wconf 90' lang='lat' dir='ltr'>LXXX</span> <span class='ocrx_word' id='word_1_398' title='bbox 2501 4061 2736 4118; x_wconf 91' lang='lat' dir='ltr'>initium</span> <span class='ocrx_word' id='word_1_399' title='bbox 2790 4059 2975 4120; x_wconf 90' lang='lat' dir='ltr'>docet.</span> 
     </span>
     <span class='ocr_line' id='line_1_44' title="bbox 806 4141 2978 4220; baseline 0 -18"><span class='ocrx_word' id='word_1_400' title='bbox 806 4141 958 4202; x_wconf 87' lang='lat' dir='ltr'>conf.</span> <span class='ocrx_word' id='word_1_401' title='bbox 997 4141 1342 4203; x_wconf 83' lang='lat' dir='ltr'>Schwabius</span> <span class='ocrx_word' id='word_1_402' title='bbox 1385 4142 1424 4200; x_wconf 96' lang='lat' dir='ltr'>l.</span> <span class='ocrx_word' id='word_1_403' title='bbox 1461 4162 1508 4201; x_wconf 89' lang='lat' dir='ltr'>c.</span> <span class='ocrx_word' id='word_1_404' title='bbox 1544 4162 1600 4220; x_wconf 89' lang='lat' dir='ltr'>p.</span> <span class='ocrx_word' id='word_1_405' title='bbox 1641 4143 1764 4200; x_wconf 92' lang='grc'>110</span> <span class='ocrx_word' id='word_1_406' title='bbox 1790 4163 1865 4202; x_wconf 90' lang='lat' dir='ltr'>ss.</span> <span class='ocrx_word' id='word_1_407' title='bbox 1912 4152 1972 4203; x_wconf 88' lang='lat' dir='ltr'>et</span> <span class='ocrx_word' id='word_1_408' title='bbox 2014 4141 2329 4202; x_wconf 87' lang='lat' dir='ltr'>Eduardus</span> <span class='ocrx_word' id='word_1_409' title='bbox 2364 4164 2401 4202; x_wconf 92' lang='lat' dir='ltr'>a</span> <span class='ocrx_word' id='word_1_410' title='bbox 2435 4144 2670 4203; x_wconf 74' lang='lat' dir='ltr'>Bruner</span> <span class='ocrx_word' id='word_1_411' title='bbox 2711 4148 2775 4204; x_wconf 91' lang='lat' dir='ltr'>in</span> <span class='ocrx_word' id='word_1_412' title='bbox 2821 4153 2978 4203; x_wconf 90' lang='lat' dir='ltr'>acto-</span> 
     </span>
     <span class='ocr_line' id='line_1_45' title="bbox 803 4227 2978 4310; baseline 0.001 -23"><span class='ocrx_word' id='word_1_413' title='bbox 803 4247 937 4288; x_wconf 87' lang='lat' dir='ltr'>rum</span> <span class='ocrx_word' id='word_1_414' title='bbox 989 4229 1283 4289; x_wconf 80' lang='lat' dir='ltr'>societatis</span> <span class='ocrx_word' id='word_1_415' title='bbox 1345 4228 1546 4287; x_wconf 87' lang='lat' dir='ltr'>scient.</span> <span class='ocrx_word' id='word_1_416' title='bbox 1599 4227 1905 4287; x_wconf 86' lang='lat' dir='ltr'>Fennicae</span> <span class='ocrx_word' id='word_1_417' title='bbox 1954 4235 1996 4286; x_wconf 87' lang='lat' dir='ltr'>t.</span> <span class='ocrx_word' id='word_1_418' title='bbox 2041 4227 2181 4301; x_wconf 90' lang='lat' dir='ltr'>VII,</span> <span class='ocrx_word' id='word_1_419' title='bbox 2238 4248 2295 4307; x_wconf 89' lang='lat' dir='ltr'>p.</span> <span class='ocrx_word' id='word_1_420' title='bbox 2352 4229 2473 4287; x_wconf 88' lang='grc'>622</span> <span class='ocrx_word' id='word_1_421' title='bbox 2521 4248 2584 4304; x_wconf 90' lang='lat' dir='ltr'>s.,</span> <span class='ocrx_word' id='word_1_422' title='bbox 2648 4232 2752 4310; x_wconf 91' lang='lat' dir='ltr'>qui</span> <span class='ocrx_word' id='word_1_423' title='bbox 2802 4230 2978 4290; x_wconf 89' lang='lat' dir='ltr'>ambo</span> 
     </span>
    </p>
   </div>
  </div>
 </body>
</html>
