3225 5171
675 2887 744 2941 10

676 3262 745 3315 14

672 3355 744 3409 23

671 3449 743 3503 25

669 3543 741 3597 24

668 3637 740 3691 26

1636 413 1975 472 CATULLI

1698 605 1882 671 LIV.

1200 719 1431 787 Otonis
1467 733 1660 808 caput
1695 723 1929 809 oppido
1963 724 2284 810 pusillum,

1198 821 1335 900 †,et
1371 817 1460 883 eri
1494 817 1731 881 rustica
1765 817 2098 883 semilauta
2134 839 2339 894 crura,

1200 909 1430 975 subtile
1466 920 1531 974 et
1562 910 1705 976 leve
1739 910 2027 995 peditum
2062 911 2334 978 Libonis

1201 1190 1255 1255 si
1292 1212 1417 1254 non
1451 1192 1668 1255 omnia
1703 1191 2035 1277 displicere
2070 1194 2300 1259 vellem

1203 1284 1320 1348 tibi
1357 1295 1419 1348 et
1452 1284 1701 1349 Fuficio
1737 1286 1872 1350 seni
1908 1299 2175 1351 recocto·

1200 1471 1470 1535 irascere
1504 1471 1731 1535 iterum
1767 1472 1926 1536 meis
1960 1472 2190 1543 iambis
2271 1527 2284 1542 .

1200 1564 1676 1643 inmerentibus,
1712 1565 1896 1631 unice
1930 1564 2293 1652 imperator.

2007 1909 2013 1914 .
2095 1910 2100 1915 .
2304 1859 2308 1864 ’
2350 1845 2475 1938 fl·
2491 1839 2514 1862 ’Δ

1719 1911 1868 1979 LV.
1960 1998 1968 2008 „
2149 2003 2156 2008 ἢ
2380 1939 2418 1986 s

1117 2030 1415 2108 Oramus,
1452 2032 1505 2096 si
1540 2032 1703 2097 forte
1738 2055 1868 2096 non
1903 2034 2315 2112 molestumst,

1117 2127 1526 2203 demonstres,
1566 2126 1675 2190 ubi
1718 2126 1845 2190 sint
1880 2137 2027 2192 tuae
2062 2129 2385 2195 tenebrae.
2429 2169 2433 2174 -

1118 2231 1181 2284 te
1219 2241 1442 2303 campo
1479 2220 1906 2303 quaesivimus
1942 2221 2202 2298 minore,

1119 2325 1181 2378 te
1216 2313 1282 2377 in
1319 2313 1505 2389 eircO,
1542 2324 1606 2377 te
1641 2314 1706 2377 in
1750 2313 2043 2378 omnibus
2078 2314 2329 2393 libellis,

1118 2417 1182 2471 te
1217 2406 1283 2470 in
1318 2408 1553 2491 templo
1588 2406 1820 2470 summi
1853 2408 2028 2472 Iovis
2062 2419 2327 2475 sacrato·

1116 2500 1186 2564 in
1220 2498 1449 2584 Magni
1484 2499 1671 2564 simul
1707 2499 2133 2567 ambulatione

1116 2594 1402 2659 femellas
1435 2615 1677 2670 omnes,
1713 2594 1935 2673 amice,
1972 2595 2217 2680 prendi,

1121 2709 1278 2772 quas
1315 2687 1496 2751 vultu
1531 2687 1663 2751 vidi
1698 2698 1909 2752 tamen
1946 2712 2217 2755 serenas.

1120 2804 1160 2845 a
1194 2780 1295 2846 vel
1328 2789 1391 2846 te
1426 2780 1515 2845 sic
1552 2780 1688 2865 ipse
1722 2782 2106 2865 flagitabam,

1122 2871 1531 2939 ‘Camerium'
1553 2874 1729 2951 mihi,
1766 2876 2076 2959 pessimae
2111 2877 2401 2962 puellae!

1119 2968 1436 3052 quaedam
1470 2967 1676 3050 inquit
1709 2969 1952 3032 nudum
1985 2969 2179 3035 reduc
2213 3022 2229 3036 .
2267 3020 2285 3036 .
2324 3020 2340 3036 .
2376 2975 2415 3053 †

1121 3068 1229 3126 ‘en
1267 3061 1368 3126 hic
1402 3063 1469 3125 in
1502 3062 1701 3126 roseis
1735 3062 1890 3127 latet
1923 3063 2212 3147 papillis!

1119 3155 1233 3220 sed
1268 3166 1328 3220 te
1362 3155 1487 3218 iam
1523 3155 1689 3219 ferre
1722 3156 1990 3232 Herculi
2023 3157 2200 3222 labos
2237 3171 2352 3224 est.

1008 3272 1013 3278 ·
1120 3260 1295 3312 tanto
1332 3260 1440 3312 ten
1475 3248 1645 3311 fastu
1680 3272 1899 3334 negaS,
1934 3250 2170 3315 amice?

1121 3363 1250 3405 non
1285 3353 1496 3405 custos
1532 3342 1585 3405 si
1621 3342 1827 3426 fingar
1861 3342 1965 3407 ille
2003 3341 2287 3422 Cretum,

1117 3455 1246 3499 non
1281 3434 1497 3499 Ladas
1533 3457 1655 3520 ego
1691 3437 2061 3522 pinnipesve
2095 3438 2392 3518 Perseus,

1114 3551 1242 3593 non
1277 3530 1331 3592 si
1364 3529 1657 3614 Pegaseo
1693 3529 1860 3595 ferar
1894 3533 2129 3608 volatu,

1004 3621 1007 3624 ⁴
1115 3643 1246 3687 non
1279 3623 1476 3688 Rhesi
1511 3625 1699 3688 nivea
1733 3624 1982 3708 citaque
2018 3627 2196 3707 biga:
2291 3634 2298 3639 '

1115 3717 1278 3782 adde
1311 3716 1438 3781 huc
1474 3717 1868 3802 plumipedes
1904 3719 2335 3805 volatilesque,

1116 3821 1574 3895 ventorumque
1608 3812 1798 3877 simul
1832 3813 2079 3897 require
2116 3837 2404 3879 cursum:

1115 3925 1274 3987 quos
1310 3916 1591 3980 cunctos,
1630 3903 1904 3982 Cameri,
1942 3906 2096 3970 mihi
2132 3908 2397 3985 dicares,

1115 3998 1400 4062 defessus
1436 4010 1648 4064 tamen
1683 3999 1977 4063 omnibus
2010 4001 2302 4065 medullis
2405 4026 2418 4037 ‘

1114 4101 1178 4155 et
1212 4092 1425 4156 multis
1460 4093 1829 4177 langoribus
1861 4115 2123 4178 peresus

1112 4206 1317 4250 essem
1353 4195 1416 4249 te
1453 4185 1630 4263 mihi,
1667 4187 1887 4264 amice,
1928 4187 2363 4271 quaeritando·
