3225 5171
858 420 944 487 52
1713 432 2054 490 CATULLI

856 556 1191 622 iustificam
1226 556 1410 621 nobis
1444 563 1723 621 mentem
1761 565 2046 621 avertere
2079 554 2365 621 deorum.

857 671 1054 733 quare
1088 671 1206 715 nec
1243 649 1386 713 talis
1423 649 1766 735 dignantur
1800 650 2004 714 visere
2040 659 2278 726 coetus,

857 765 976 809 nec
1010 766 1080 809 se
1116 743 1398 828 contingi
1433 743 1762 828 patiuntur
1795 742 2036 808 lumine
2073 742 2263 808 claro,

2731 1011 2742 1026 χ

1759 1183 1983 1249 LXV.
2455 1173 2482 1214 '³²
2553 1167 2565 1192 ³

942 1302 1085 1368 Etsi
1120 1326 1223 1369 me
1260 1303 1527 1369 adsiduo
1562 1302 1924 1368 confectum
1960 1324 2113 1367 cura
2148 1303 2363 1367 dolore

1029 1408 1285 1462 sevocat
1320 1421 1359 1460 a
1401 1396 1623 1474 doctis,
1661 1394 1906 1472 Ortale,
1943 1396 2316 1481 virginibus,

940 1513 1060 1556 nec
1095 1492 1259 1575 potis
1296 1501 1392 1555 est
1426 1490 1629 1555 dulcis
1663 1513 1989 1554 musarum
2023 1512 2392 1575 expromere
2429 1489 2597 1554 fetus

1027 1607 1207 1649 mens
1244 1584 1437 1662 animi
1459 1581 1782 1657 &tantis
1818 1584 2084 1648 fluctuat
2116 1584 2256 1668 ipsa
2291 1583 2583 1673 mali?

790 1692 828 1746 5
945 1699 1224 1760 namque
1260 1677 1387 1742 mei
1421 1700 1628 1762 nuper
1661 1676 1949 1742 Lethaeo
1984 1677 2236 1762 gurgite
2271 1677 2485 1741 fratris

1030 1772 1405 1856 pallidulum
1441 1795 1706 1836 manans
1744 1771 1941 1836 adluit
1978 1771 2152 1835 unda
2185 1771 2435 1855 pedem,

942 1865 1137 1932 Troia
1171 1865 1461 1931 Rhoeteo
1498 1886 1690 1947 quem
1725 1865 1944 1930 subter
1975 1865 2158 1929 litore
2193 1865 2378 1929 tellus

1029 1970 1315 2044 ereptum
1350 1959 1580 2023 nostris
1619 1958 1850 2024 obterit
1885 1981 1964 2023 ex
1999 1958 2219 2024 oculis.

759 2161 828 2215 10
1030 2169 1378 2230 numquam
1417 2169 1539 2231 ego
1576 2156 1661 2223 te,
1695 2146 1831 2210 vita
1864 2146 2060 2211 frater
2094 2145 2442 2221 amabilior,

945 2241 1289 2326 adspiciam
1327 2240 1621 2325 posthacz
1702 2251 1767 2304 at
1802 2250 1971 2305 certe
2008 2263 2257 2325 semper
2292 2240 2543 2315 amab0,

1030 2356 1279 2419 semper
1311 2345 1555 2399 maesta
1588 2345 1700 2398 tua
1736 2334 2016 2398 carmina
2048 2344 2250 2399 morte
2287 2355 2533 2409 canam,

946 2427 1160 2511 qualia
1195 2427 1314 2491 sub
1353 2427 1562 2492 densis
1598 2449 1919 2492 ramorum
1956 2427 2230 2492 concinit
2263 2426 2504 2492 umbris

1032 2520 1304 2587 Daulias
1340 2521 1660 2607 absumpti
1695 2521 1828 2587 fata
1861 2544 2122 2608 gemens
2158 2521 2311 2606 Ityli
2348 2557 2432 2567 —

760 2628 829 2682 15
949 2616 1063 2680 sed
1097 2626 1310 2681 tamen
1344 2615 1410 2680 in
1447 2617 1638 2680 tantis
1676 2617 2085 2692 maeroribuS,
2123 2613 2222 2679 Or
2313 2639 2368 2692 e,
2404 2615 2587 2680 mitto

1032 2709 1190 2775 haec
1225 2732 1523 2794 expressa
1558 2709 1675 2774 tibi
1712 2710 1991 2774 carmina
2025 2710 2381 2785 Battiadae,

945 2826 1028 2868 ne
1063 2813 1174 2867 tua
1208 2803 1378 2868 dicta
1411 2803 1593 2887 vagis
1629 2803 2016 2886 nequiquam
2053 2802 2291 2867 credita
2326 2801 2528 2866 ventis

1032 2896 1354 2962 effluxisse
1391 2918 1532 2960 meo
1567 2896 1733 2960 forte
1768 2907 1953 2980 putes
1989 2896 2220 2971 animo,

947 3001 1021 3054 ut
1055 2991 1317 3054 missum
1354 2989 1569 3074 sponsi
1603 2989 1839 3053 furtivo
1875 3011 2138 3054 munere
2173 2988 2412 3052 malum

761 3094 833 3147 20
1033 3084 1348 3168 procurrit
1382 3093 1554 3148 casto
1591 3082 1851 3168 virginis
1889 3106 1923 3147 e
1961 3083 2222 3168 gremio,

950 3177 1122 3260 quod
1155 3177 1420 3241 miserae
1455 3176 1689 3241 oblitae
1724 3176 1897 3241 molli
1932 3177 2053 3240 sub
2089 3185 2264 3241 veste
2297 3174 2597 3252 locatum,

1006 3264 1190 3334 ‘dum
1225 3271 1503 3335 adventu
1537 3270 1756 3335 matris
1792 3270 2055 3355 prosilit,
2091 3269 2432 3335 excutitur:

948 3375 1140 3447 atque
1174 3363 1333 3428 illud
1367 3384 1565 3448 prono
1601 3386 1905 3449 praeceps
1940 3365 2150 3449 agitur
2185 3363 2476 3440 decursu,

1033 3458 1184 3523 huic
1216 3466 1433 3529 manat
1467 3454 1629 3521 tristi
1664 3458 1949 3522 conscius
1988 3479 2095 3522 ore
2128 3457 2341 3523 rubor.

1756 3823 2011 3963 LgVI.
2471 3894 2553 4003 sl&
2571 3880 2600 3950 εἴ

861 4015 1100 4081 Omnia
1135 4014 1246 4100 qui
1280 4015 1498 4101 magni
1536 4016 1809 4101 dispexit
1842 4016 2085 4081 lumina
2116 4017 2357 4092 mundi,
2498 3998 2518 4021 q

946 4109 1057 4195 qui
1092 4110 1414 4176 stellarum
1452 4120 1627 4173 ortus
1664 4110 1970 4195 comperit
2005 4120 2193 4192 atque
2229 4109 2459 4185 obitus,

857 4205 1188 4270 flammeus
1222 4213 1299 4269 ut
1333 4202 1538 4288 rapidi
1574 4202 1726 4267 solis
1760 4203 1929 4269 nitor
1963 4202 2357 4280 obscuretur,
