3225 5171
697 423 936 465 XXXVIII
1564 420 2022 463 PROLEGOMENA

699 539 804 598 ille
835 545 1073 618 propter
1108 543 1455 615 argumenta
1482 558 1519 596 a
1543 537 1908 617 Nipperdeio
1938 537 2138 597 adlata
2170 559 2275 617 pro
2304 538 2427 598 filio
2462 538 2636 596 huius
2670 538 2877 598 haberi

701 626 921 702 nequit.
992 623 1096 683 sed
1144 632 1211 680 ut
1250 624 1616 701 propositum
1657 640 1993 701 persequar,
2042 622 2114 696 Q.
2150 623 2361 682 Arrius
2405 626 2685 703 quoniam
2728 631 2876 682 teste

703 708 989 770 Cicerone
1022 711 1087 767 in
1120 710 1306 768 Bruto
1342 707 1376 782 ἓ
1406 709 1526 766 243
1563 707 1766 766 infimo
1801 707 1929 766 loco
1965 717 2139 767 natus
2176 717 2234 768 et
2268 711 2394 768 sine
2429 708 2698 768 doctrina
2732 717 2872 780 erat,

704 794 880 854 facile
930 796 1128 872 putari
1178 801 1372 872 potest
1420 792 1738 851 ridiculum
1790 813 2009 853 morem
2071 793 2497 871 pronuntiandi
2548 814 2586 852 a
2638 793 2874 853 Catullo

697 886 969 958 carptum
1004 881 1220 955 origini
1253 898 1395 937 suae
1429 877 1719 950 debuisse,
1756 877 1991 956 quando
2026 878 2095 938 P.
2124 878 2421 954 Nigidius,
2458 879 2695 937 illorum
2730 886 2874 937 tem-

701 985 909 1043 porum
953 964 1233 1042 aequaIiS,
1280 962 1440 1042 apud
1483 962 1743 1022 Gellium
1786 963 1953 1020 XIII
1999 965 2033 1022 6
2074 964 2110 1020 3
2156 965 2437 1022 rusticum
2480 964 2610 1022 fieri
2662 982 2874 1022 sermo-

700 1070 865 1121 nem,
917 1051 968 1107 si
1020 1048 1283 1127 adspires
1332 1066 1665 1126 perperam,
1722 1047 1996 1106 declarat.
2067 1050 2409 1126 avitumque
2460 1049 2641 1107 fuisse
2691 1047 2870 1106 Arrio

702 1136 951 1193 nimium
994 1135 1172 1193 istum
1223 1132 1638 1211 adspirationis
1690 1152 1863 1190 usum
1905 1135 2031 1210 ipse
2081 1140 2257 1210 poeta
2298 1153 2355 1191 v.
2405 1133 2441 1191 5
2471 1154 2515 1192 s.
2562 1133 2871 1209 significat,

702 1241 837 1278 cum
870 1226 1116 1278 matrem
1151 1220 1276 1278 eius
1312 1226 1371 1277 et
1404 1219 1606 1275 matris
1643 1216 1883 1276 fratrem
1919 1226 1977 1276 et
2010 1226 2281 1295 parentes
2316 1220 2400 1277 sic
2436 1217 2657 1277 dixisse
2690 1220 2875 1297 suspi-

699 1312 884 1363 catur.
962 1303 1178 1363 deinde
1227 1323 1285 1361 v.
1343 1305 1377 1359 7
1431 1301 1677 1360 Arrium
1727 1304 1793 1360 in
1845 1301 2083 1381 Syriam
2134 1304 2375 1361 missum
2429 1321 2557 1361 esse
2605 1302 2873 1380 legimus

701 1392 822 1448 iam
875 1409 1007 1449 cum
1053 1387 1124 1461 Q.
1170 1388 1382 1446 Arrius
1427 1407 1558 1445 cum
1603 1388 1683 1446 M.
1731 1385 1942 1446 Crasso
1994 1396 2053 1446 et
2102 1390 2355 1465 negotiis
2407 1387 2755 1460 forensibuS,
2809 1397 2876 1446 ut

697 1494 880 1552 supra
913 1472 1188 1544 vidimus,
1226 1480 1284 1531 et
1319 1473 1647 1531 communis
1681 1471 1928 1531 militiae
1963 1475 2244 1531 memoria
2278 1504 2361 1513 —
2398 1473 2572 1531 ambo
2617 1474 2775 1531 enim
2809 1475 2875 1531 in

700 1559 859 1619 bello
896 1557 1098 1616 servili
1133 1559 1424 1616 exercitus
1453 1556 1746 1616 duxerant
1769 1589 1856 1598 -—
1882 1559 2227 1616 coniunctus
2254 1557 2450 1630 fuerit,
2487 1557 2649 1616 haud
2676 1560 2875 1636 inepte

698 1645 959 1703 conicias
995 1661 1129 1702 eum
1164 1642 1318 1715 huic,
1355 1661 1490 1702 cum
1522 1662 1629 1720 pro
1666 1641 1906 1702 consule
1938 1645 2004 1700 in
2031 1641 2268 1720 Syriam
2303 1651 2456 1702 esset
2486 1642 2871 1721 profecturae,

699 1729 1003 1808 expetenti
1029 1747 1099 1786 ac
1125 1727 1450 1806 postulanti
1477 1735 1716 1786 senatus
1744 1727 2009 1786 consulto
2027 1727 2290 1804 legatum
2310 1746 2451 1800 esse,
2479 1748 2617 1786 nam
2635 1728 2873 1806 publico

700 1834 836 1872 cum
879 1812 1157 1871 mandato
1200 1811 1444 1871 Arrium
1490 1811 1917 1871 Catullianum‘
1946 1812 2087 1871 illuc
2137 1814 2316 1872 ivisse
2358 1813 2605 1871 verbum
2647 1817 2871 1884 missu3,

700 1899 817 1979 quo
861 1900 1047 1956 utitur
1089 1906 1281 1976 poeta,
1333 1896 1576 1956 indicat.
1649 1915 1801 1975 quae
1846 1900 1897 1956 si
1940 1917 2082 1957 vera
2125 1905 2278 1971 sunt,
2333 1917 2571 1957 carmen
2611 1905 2874 1957 nostrum

699 1984 809 2044 sub
843 1984 1025 2042 finem
1060 1985 1204 2042 anni
1243 1977 1470 2057 699l55
1518 1983 1800 2061 scriptum
1844 2002 1971 2042 esse
2013 1982 2274 2060 adparet,
2321 1982 2558 2061 quando
2596 1981 2874 2042 Crassum

698 2073 820 2128 iam
863 2087 1065 2128 mense
1099 2068 1424 2128 Novembri
1468 2067 1644 2126 huius
1688 2069 1833 2126 anni
1875 2066 2137 2126 nondum
2178 2075 2415 2146 peracto
2461 2067 2769 2127 consulatu
2810 2071 2875 2127 in

699 2156 1067 2232 provinciam
1103 2154 1216 2212 sibi
1252 2153 1607 2212 destinatam
1644 2171 1771 2211 sese
1808 2152 2126 2212 contulisse
2169 2154 2401 2212 scimus,
2473 2159 2729 2212 ceterum
2763 2152 2876 2212 Ar-

698 2242 854 2298 rium
897 2259 934 2296 a
969 2236 1204 2297 Catullo
1249 2238 1505 2297 derisum
1540 2237 1624 2295 M.
1663 2237 1861 2297 Crassi
1903 2237 2269 2316 proconsulis
2312 2239 2376 2296 in
2420 2236 2657 2316 Syriam
2700 2240 2875 2297 comi-

699 2333 820 2383 tem
862 2322 1044 2382 fuisse
1086 2324 1206 2380 iam
1248 2323 1608 2398 Borghesius
1659 2322 1698 2379 l.
1745 2342 1793 2380 c.
1836 2344 1893 2401 p.
1941 2324 2017 2380 76
2064 2324 2392 2400 suspicatus
2437 2330 2539 2395 est,
2593 2322 2698 2382 sed
2741 2343 2874 2382 eum

698 2426 844 2468 esse.
866 2406 932 2466 C.
968 2406 1213 2465 Arrium
1254 2407 1424 2465 illum
1457 2427 1495 2465 a
1531 2406 1816 2466 Cicerone
1850 2409 2015 2484 epist.
2052 2407 2129 2466 ad
2162 2406 2287 2465 Att.
2324 2407 2393 2465 ΙΙ
2432 2409 2510 2465 14
2548 2409 2584 2464 2
2623 2416 2681 2467 et
2718 2408 2795 2466 15
2834 2409 2870 2466 3

698 2498 1235 2560 commemoratum,
1272 2494 1375 2570 qui
1408 2512 1515 2570 pro
1550 2493 1795 2550 oratoris
1830 2492 1953 2550 filio
1989 2492 2255 2565 habetur,
2294 2494 2422 2551 sine
2449 2492 2664 2552 idonea
2699 2513 2876 2553 causa

699 2580 918 2638 statuit.
956 2610 1039 2619 —
1074 2576 1252 2656 plane
1285 2579 1523 2655 ignotus
1550 2576 1720 2637 nobis
1756 2584 1843 2637 est
1868 2577 2032 2635 Naso
2067 2576 2170 2636 ille
2204 2597 2379 2657 quem
2414 2585 2591 2657 poeta
2615 2599 2663 2638 c.
2693 2576 2875 2638 CXII

699 2672 768 2723 ut
801 2664 1099 2722 hominem
1133 2663 1442 2742 loquacem
1477 2661 1653 2721 simul
1688 2669 1746 2722 et
1778 2661 2079 2741 pathicum
2108 2665 2409 2739 exagitare
2434 2663 2668 2722 videtur
2692 2662 2873 2739 (conf.

702 2749 898 2808 adnot.
938 2748 1106 2826 crit).
1178 2768 1370 2828 neque
1413 2750 1670 2807 notiores
1708 2746 1919 2808 Gallus
1964 2749 2067 2824 qui
2111 2768 2158 2806 c.
2196 2748 2537 2807 LXXVIII
2578 2756 2645 2807 ut
2686 2751 2874 2826 stupri

700 2837 855 2894 inter
879 2836 1243 2913 propinquos
1269 2833 1413 2893 facti
1440 2833 1786 2892 administer
1812 2835 2135 2909 castigatur
2164 2841 2222 2892 et
2245 2833 2541 2892 Aemilius
2567 2854 2613 2892 c.
2631 2832 2873 2893 XCVII

699 2928 939 2998 propter
974 2921 1090 2978 oris
1126 2918 1409 2979 foetorem
1451 2918 2034 2978 contumeliosissime
2068 2924 2368 2990 tractatus,
2414 2937 2591 2997 quem
2635 2917 2873 2997 quidem

700 3004 927 3063 Catulli
971 3006 1035 3062 in
1079 3007 1277 3063 nescio
1322 3004 1534 3083 quibus
1579 3003 1876 3062 amoribus
1918 3002 2168 3062 rivalem
2218 3003 2401 3062 fuisse
2448 3012 2713 3063 extrema
2755 3003 2870 3080 duo

699 3089 953 3148 disticha
1011 3087 1294 3165 produnt,
1357 3095 1416 3147 et
1464 3089 1752 3147 Vibennii
1811 3094 1978 3166 pater
2039 3095 2098 3146 et
2161 3087 2317 3147 filius
2369 3107 2515 3167 quos
2575 3096 2753 3167 poeta
2810 3090 2873 3147 in

698 3195 748 3232 c.
793 3173 1088 3231 XXXIII
1142 3173 1392 3232 alterum
1435 3172 1628 3232 furem
1676 3172 2064 3245 balnearium,
2118 3172 2366 3232 alterum
2411 3173 2723 3233 cinaedum
2774 3194 2872 3233 vo-

699 3265 810 3317 cat.
845 3290 932 3298 —
965 3256 1172 3316 itidem
1217 3257 1291 3316 ob
1336 3256 1511 3329 furta,
1558 3256 1663 3315 sed
1705 3259 1770 3315 in
1815 3259 2102 3316 conviviis
2147 3257 2320 3330 facta,
2370 3277 2416 3315 c.
2452 3258 2585 3317 XII
2625 3258 2872 3317 Asinius

698 3344 1073 3401 Marrucinus
1108 3344 1428 3414 incusatur,
1465 3341 1649 3401 frater
1683 3350 1829 3400 natu
1864 3345 2049 3401 maior
2086 3341 2152 3402 C.
2188 3342 2391 3401 Asinii
2422 3343 2712 3402 Pollionis
2749 3363 2872 3402 ora-

697 3430 841 3487 toris
877 3427 1183 3505 postmodo
1218 3427 1472 3504 Vergilii
1507 3436 1565 3486 et
1597 3428 1834 3485 Horatii
1870 3427 2145 3487 laudibus
2182 3428 2476 3488 celebrati.
2548 3449 2688 3486 nam
2724 3429 2872 3487 alius

699 3532 825 3573 esse
851 3512 1047 3572 Pollio
1081 3514 1193 3573 iste
1229 3514 1333 3591 qui
1367 3533 1423 3571 v.
1455 3514 1490 3570 6
1529 3520 2016 3571 commemoratur
2038 3533 2274 3592 prorsus
2308 3533 2430 3572 non
2453 3520 2663 3591 potest.
2717 3514 2872 3571 Mar·-

630 3633 635 3639 ·
697 3602 970 3658 rucinum
1024 3606 1221 3657 autem
1274 3597 1435 3677 quod
1480 3595 1749 3657 Catullus
1792 3596 2070 3657 Asinium
2123 3619 2160 3657 a
2209 3618 2272 3657 se
2323 3600 2723 3677 vituperatum
2774 3598 2873 3657 ad-

697 3684 906 3763 pellat,
952 3683 1016 3742 id
1049 3682 1232 3760 vulgo
1271 3703 1403 3742 cum
1438 3685 1712 3743 acumine
1745 3682 2003 3761 quodam
2037 3683 2246 3743 fecisse
2280 3691 2543 3761 putatur,
2588 3691 2656 3741 ut
2689 3683 2873 3742 homi-

696 3788 838 3829 nem
881 3787 957 3828 ex
992 3768 1363 3841 Marrucinis,
1407 3767 1627 3847 populo
1673 3768 1963 3845 probitate
2008 3770 2339 3847 conspicu0,
2386 3767 2701 3828 oriundum
2746 3769 2871 3827 eius

699 3853 861 3913 modi
910 3855 1295 3931 rapacitatem
1346 3854 1589 3913 minime
1644 3852 1852 3912 decere
1903 3854 2279 3930 sIgnificaret.
2351 3872 2505 3932 quae
2556 3853 2872 3931 explicatio

700 3939 1070 3997 artificiosior
1111 3938 1370 4015 profecto
1407 3958 1587 4018 quam
1622 3957 1763 3997 vera
1808 3945 1910 3997 est.
1984 3946 2046 3997 at
2090 3948 2291 3997 contra
2334 3938 2511 3998 fidem
2545 3938 2693 3997 mihi
2734 3938 2875 3997 fecit

699 4023 916 4081 Munro
962 4024 1066 4101 qui
1107 4022 1146 4081 1.
1192 4043 1239 4081 c.
1287 4046 1342 4102 p.
1390 4025 1469 4082 39
1507 4043 1551 4082 s.
1595 4023 1809 4082 Asinio
1862 4042 2190 4099 cognomen
2231 4024 2569 4082 Marrucino
2616 4022 2695 4081 ad
2745 4042 2874 4101 per·

700 4106 1064 4188 petuandam
1107 4109 1352 4185 originis
1395 4110 1737 4167 memoriam
1781 4129 1818 4167 a
1859 4116 2023 4185 patre
2060 4107 2172 4167 Cn.
2203 4108 2416 4167 Asinio
2450 4107 2707 4166 inditum
2750 4127 2876 4168 esse

701 4195 1049 4272 suspicatur.
1121 4213 1260 4252 nam
1301 4193 1591 4253 Pollionis
1638 4195 1986 4271 cognomine
2035 4196 2102 4252 in
2152 4200 2329 4269 gente
2369 4192 2584 4252 Asinia
2636 4195 2875 4253 omnino
