3225 5171
1163 462 1617 506 PROLEGOMENA
2375 460 2485 502 m

303 581 524 641 aemuli
537 625 552 654 ,
598 601 805 641 verum
850 582 1028 641 etiam
1070 581 1463 642 humilitatem
1504 585 1825 641 inrisurum
1870 585 1941 640 in
1981 580 2260 657 ambiguo
2309 597 2488 639 sensu

302 667 620 727 verborum
655 666 932 726 ‘Lesbius
967 675 1058 728 est
1087 666 1317 746 pulcer’
1355 667 1566 728 lusisse
1600 685 1826 727 000800.
1890 685 2042 745 quae
2075 686 2197 726 una
2231 686 2363 724 cum
2394 669 2487 724 in-

305 752 687 832 sequentibus
724 754 902 811 etiam
929 751 1040 812 hoc
1073 751 1249 812 modo
1276 752 1546 829 intellegi
1582 758 1857 831 possunt:
1897 752 2060 811 ‘Sex.
2090 749 2335 811 Clodius
2363 770 2486 809 non

307 846 398 897 est
431 856 607 916 quem
643 836 835 896 adhuc
870 839 1079 916 putavi
1112 838 1287 896 110100
1333 837 1624 912 sordidus,
1670 836 1774 896 sed
1818 839 2012 913 gentis
2052 835 2343 896 Claudiae
2384 855 2490 895 no-

305 921 597 982 bilissima
647 921 877 981 familia
928 922 1318 982 Pulchrorum
1370 930 1573 996 natus,
1639 941 1780 981 nam
1834 921 2047 982 Clodia
2099 941 2233 981 eum
2286 927 2490 998 utpote

305 1007 590 1084 gentilem
636 1027 807 1066 suum
851 1007 998 1065 mihi
1031 1026 1165 1066 cum
1199 1015 1325 1066 tota
1359 1015 1536 1083 gente
1570 1025 1706 1066 mea
1750 1005 2093 1085 anteponit.’
2164 1008 2250 1064 ita
2293 1008 2489 1081 gentis

309 1091 533 1152 Catulli
567 1094 1178 1153 commemorationem
1214 1100 1273 1151 et
1298 1095 1490 1171 ipsam
1525 1090 1603 1151 ad
1632 1091 2034 1151 cavillandum
2057 1092 2356 1152 hominem
2383 1092 2487 1169 qui

306 1185 548 1255 gentem
599 1198 721 1236 non
775 1177 955 1237 habet
1007 1176 1271 1237 conferre
1322 1176 1611 1238 videmus.
1686 1183 1863 1256 atque
1914 1177 2053 1235 huic
2106 1175 2489 1254 explicationi

306 1261 469 1322 haud
512 1262 645 1322 leve
687 1261 1050 1341 praesidium
1093 1262 1167 1321 ab
1214 1264 1480 1322 oratione
1533 1261 1607 1322 de
1652 1261 1826 1321 domo
1874 1261 1908 1335 ξ
1947 1263 2024 1319 25
2072 1268 2330 1339 paratur,
2385 1259 2493 1318 ubi

313 1347 519 1408 Cicero
555 1346 696 1407 Sex.
735 1346 1013 1406 Clodium
1055 1346 1568 1426 inpudicissimum
1615 1349 1741 1406 eius
1779 1367 1910 1406 cum
1946 1345 2162 1407 Clodia
2197 1344 2493 1424 quadran·

307 1435 463 1492 taria
495 1436 903 1492 commercium
938 1432 1376 1509 significaturus
1402 1451 1510 1511 per
1534 1431 1860 1492 ludibrium
1890 1431 1904 1459 ‘
1918 1430 2166 1490 socium’
2193 1431 2263 1489 P.
2293 1429 2492 1490 Clodii

312 1518 673 1594 ‘sanguinis'
713 1516 871 1575 dicit.
908 1518 1061 1576 conf.
1096 1516 1483 1576 Drumannus
1519 1517 1558 1575 l.
1592 1517 1632 1575 l.
1670 1525 1790 1576 not.
1830 1517 1928 1576 95.
1990 1523 2296 1594 praeterea
2328 1514 2489 1574 idem

313 1602 519 1662 Cicero
561 1603 627 1661 in
660 1601 935 1662 Sestiana
969 1600 1004 1675 ἓ
1042 1603 1117 1661 81
1160 1610 1219 1662 01
1261 1605 1325 1662 10
1372 1605 1536 1681 epist.
1573 1601 1653 1661 ad
1691 1600 1761 1674 Q.
1798 1601 2041 1661 fratrem
2075 1602 2144 1660 H
2175 1603 2252 1657 11
2285 1597 2418 1675 (13)
2450 1601 2490 1656 2

308 1687 379 1745 Ρ.
429 1686 627 1747 Clodii
678 1687 986 1761 8010111108,
1050 1707 1299 1766 quorum
1353 1686 1478 1745 dux
1531 1694 1659 1747 erat
1710 1688 1849 1748 8011.
1909 1685 2174 1759 Clodius,
2226 1685 2492 1762 ‘gentem

311 1771 615 1832 Clodiam’
653 1779 842 1831 vocat.

439 1856 605 1917 Addi
636 1857 728 1915 1118
762 1864 1010 1936 1108811111
1043 1856 1164 1916 alia
1197 1877 1320 1916 non
1353 1856 1520 1916 nulla
1555 1875 1725 1936 quae,
1774 1859 1886 1915 etsi
1917 1874 2026 1935 per
2059 1873 2124 1915 80
2166 1855 2492 1914 infirmiora

312 1959 443 2002 esse
477 1941 867 2015 concedimus,
913 1949 1115 2001 tamen
1158 1945 1472 2002 coniuncta
1517 1962 1649 2001 cum
1693 1943 1899 2000 ceteris
1944 1941 2212 1999 omnibus
2258 1947 2319 1998 et
2361 1943 2493 2018 ipsa

311 2027 544 2107 aliquid
575 2026 855 2106 ponderis
890 2029 1323 2086 nanciscantur.
1377 2026 1566 2086 veluti
1599 2025 1762 2105 quod
1796 2027 2073 2083 maritum
2095 2025 2352 2084 Lesbiae
2380 2023 2492 2084 Ca-

309 2111 493 2173 tullus
511 2132 559 2173 0.
579 2111 928 2172 LXXXIII
954 2111 1184 2171 fatuum
1212 2111 1373 2183 dicit,
1405 2113 1741 2170 convicium
1766 2109 1831 2167 id
1857 2109 2093 2188 quidem
2122 2117 2210 2168 est
2234 2109 2490 2167 hominis

308 2197 567 2257 Lesbiae
610 2214 814 2256 amore
858 2196 1250 2275 depereuntiS,
1307 2197 1403 2254 cui
1446 2215 1570 2254 non
1615 2194 1867 2253 multum
1909 2193 2154 2267 tribuas,
2207 2192 2313 2254 sed
2355 2213 2492 2253 con-

310 2285 494 2356 venit,
537 2289 607 2341 ut
638 2281 916 2355 vidimus,
950 2280 1181 2341 Metelli
1215 2278 1464 2339 indoles.
1519 2279 1736 2340 deinde
1770 2279 2025 2338 salacem
2059 2280 2386 2352 tabernam,
2421 2281 2490 2338 in

311 2388 433 2447 qua
476 2388 525 2426 c.
557 2366 877 2426 XXXVII
916 2363 1134 2425 rivales
1177 2385 1314 2425 suos
1357 2385 1492 2424 cum
1532 2364 1735 2442 puella
1776 2364 1895 2424 sibi
1943 2363 2174 2424 infideli
2218 2363 2489 2424 sedentes

307 2450 559 2524 inducit,
604 2458 846 2530 propter
878 2469 1085 2510 causas
1120 2469 1197 2510 ex
1228 2452 1358 2530 ipso
1392 2457 1665 2530 poemate
1705 2451 1925 2528 petitas
1961 2449 2325 2509 ostendimus
2368 2469 2491 2509 non

308 2555 485 2617 posse
526 2537 763 2616 proprie
807 2534 1024 2596 dictam
1067 2552 1212 2610 esse,
1263 2534 1373 2596 sed
1415 2533 1657 2595 domum
1699 2535 1963 2616 aliquam
2006 2534 2368 2615 ampliorem,
2424 2537 2491 2595 in

313 2643 432 2702 qua
465 2621 667 2682 crebro
704 2623 982 2681 convivia
1013 2623 1384 2698 agitarentur
1407 2620 1623 2700 quibus
1648 2621 1870 2700 Lesbia
1897 2640 2132 2700 quoque
2164 2623 2487 2694 interesset,

313 2708 638 2783 significari
680 2706 891 2766 videri.
961 2724 1094 2766 eam
1136 2725 1264 2766 esse
1308 2706 1548 2766 domum
1589 2705 1661 2763 P.
1700 2705 1899 2765 Clodii
1940 2706 2279 2765 Palatinam
2320 2713 2488 2764 tanto

312 2802 404 2853 est
437 2791 776 2852 credibilius
810 2798 1033 2872 quanto
1067 2791 1302 2851 facilius
1337 2792 1467 2852 fieri
1500 2798 1697 2869 potest
1728 2799 1797 2850 ut
1829 2794 1976 2850 situs
2018 2793 2144 2850 eius
2178 2810 2216 2849 a
2253 2788 2487 2849 Catullo

313 2877 509 2938 verbis
546 2877 609 2935 ‘a
642 2877 901 2956 pilleatis
936 2897 1098 2936 nona
1130 2876 1410 2936 fratribus
1444 2875 1594 2954 pila’
1631 2882 1803 2934 caute
1827 2874 2121 2934 indicatus
2148 2877 2240 2933 sit.
2294 2892 2487 2953 neque

313 2964 473 3022 011110
506 2962 654 3022 11000
681 2961 888 3022 domus
920 2961 1101 3039 longe
1134 2982 1172 3021 a
1203 2960 1426 3040 templo
1455 2958 1768 3019 Castorum
1801 2962 1866 3019 in
1894 2958 2222 3019 meridiana
2244 2961 2489 3036 regione

309 3046 428 3106 fori
465 3051 577 3106 sito
612 3045 874 3106 abfuisse
906 3054 1116 3126 potest.
1186 3066 1327 3106 nam
1362 3046 1635 3124 proxima
1669 3052 1796 3103 erat
1825 3044 2127 3105 Ciceronis
2161 3046 2227 3103 in
2252 3043 2485 3102 Palatio

311 3130 562 3191 aedibus
595 3129 679 3206 (v.
714 3151 796 3191 or.
835 3131 907 3191 de
952 3131 1125 3192 domo
1161 3130 1196 3205 ἓ
1236 3130 1356 3188 115
1386 3149 1431 3188 s.
1500 3129 1576 3189 de
1619 3128 1855 3208 harusp.
1899 3148 2049 3208 resp.
2089 3128 2123 3204 ἓ
2162 3130 2259 3189 33.
2329 3128 2486 3188 Dru-

308 3235 564 3276 mannus
608 3216 692 3287 H,
737 3236 793 3294 p.
830 3215 999 3291 270).
1069 3217 1229 3276 hunc
1261 3223 1461 3275 autem
1495 3233 1573 3275 ex
1606 3218 1778 3294 epist.
1814 3214 1893 3273 ad
1924 3213 2050 3274 Att.
2087 3214 2156 3273 II
2192 3215 2273 3272 24
2312 3215 2349 3273 3
2396 3218 2485 3273 in-

308 3301 617 3378 tellegitur
649 3304 914 3360 vicinum
938 3302 1122 3362 fuisse
1149 3300 1422 3361 Caesaris
1456 3300 1730 3373 consulis,
1769 3303 1871 3380 qui
1903 3307 1972 3359 ut
1995 3298 2268 3378 pontifex
2301 3301 2488 3358 maxi-

310 3408 441 3447 mus
484 3388 552 3445 in
595 3406 762 3445 sacra
803 3387 905 3443 via
949 3385 1120 3445 domo
1164 3386 1404 3465 publica
1444 3384 1755 3445 habitabat
1798 3383 1880 3462 (v.
1919 3384 2161 3445 Sueten.
2205 3383 2318 3443 Iul.
2356 3382 2483 3459 46),

310 3473 927 3552 propinquitatemque
960 3470 1075 3530 fori
1103 3469 1308 3531 Cicero
1336 3469 1659 3530 Caelianae
1694 3468 1728 3544 ἓ
1768 3471 1846 3528 18
1883 3489 2122 3529 00118010
2157 3469 2351 3529 adfert
2384 3489 2490 3528 cur

310 3576 446 3617 10118
481 3577 518 3616 0
552 3564 719 3635 110110
753 3558 819 3615 10
851 3556 1110 3615 insulam
1142 3555 1212 3615 P.
1242 3555 1440 3616 Clodii
1474 3559 1896 3632 semigraverit.
1951 3554 2112 3634 quod.
2146 3556 2198 3613 si
2231 3562 2389 3613 recte
2424 3572 2488 3613 80

311 3641 509 3715 habet,
563 3645 744 3702 etiam
798 3644 931 3721 ipsa
979 3640 1185 3719 templi
1229 3639 1538 3700 Castorum
1587 3658 1695 3719 per
1739 3647 1975 3718 poetam
2017 3640 2486 3698 commemoratio

312 3735 506 3806 potest
558 3724 856 3807 quoddam
906 3744 1152 3786 acumen
1203 3724 1449 3799 habere,
1512 3728 1795 3804 quoniam
1829 3724 1940 3783 11οο
1992 3723 2275 3801 templum
2327 3743 2483 3782 anno

315 3806 563 3892 696l58‚
610 3832 743 3891 quo,
788 3819 854 3871 ut
896 3809 1059 3870 infra
1100 3810 1426 3890 adparebit,
1480 3830 1528 3869 0.
1571 3809 1890 3869 XXXVII
1935 3807 2157 3867 Catulli
2207 3811 2487 3887 scriptum

314 3905 416 3970 est,
473 3896 686 3957 Clodio
727 3916 834 3975 pro
886 3915 1177 3955 armorum
1220 3893 1586 3975 receptaculo
1639 3894 1823 3954 fuisse
1866 3897 2078 3953 scimus
2124 3889 2205 3967 (v.
2254 3891 2375 3952 Cic.
2420 3897 2488 3952 in

311 3982 437 4041 Pis.
457 3981 491 4056 ἓ
515 3979 638 4057 11).
695 3980 1197 4041 ‘contubernales’
1227 3988 1423 4040 autem
1447 3999 1484 4038 a
1508 3987 1686 4058 poeta
1722 3983 1906 4058 carpti
1940 3986 2065 4038 tum
2098 3976 2488 4056 intellegendi

316 4073 456 4126 sunt
486 4066 692 4126 Publii
725 4069 917 4139 amici,
966 4065 1291 4126 ‘barbatuli
1323 4065 1595 4126 iuvenes’
1631 4063 1726 4123 illi
1760 4085 2005 4144 quorum
2040 4061 2246 4123 Cicero
2282 4067 2485 4142 paucis

315 4155 489 4211 annis
524 4159 662 4211 ante
707 4152 874 4231 epist.
920 4151 999 4211 ad
1033 4150 1298 4210 Atticum
1330 4151 1366 4210 I
1405 4151 1484 4210 14
1521 4151 1558 4209 5
1595 4157 1656 4210 01
1693 4151 1770 4209 16
1812 4151 1886 4206 11
1933 4152 2290 4209 mentionem
2324 4149 2484 4208 facit.

310 4257 424 4298 nec
458 4236 718 4298 alienum
752 4257 790 4296 a
820 4255 887 4300 10
920 4240 1033 4299 erit
1064 4239 1402 4300 meminisse
1448 4234 1739 4296 ‘convivii
1781 4238 1949 4295 istius
1985 4227 2288 4311 ἄσελγοῦς’
2328 4233 2487 4313 quod
