<?xml version="1.0" encoding="UTF-8"?>
<!DOCTYPE html PUBLIC "-//W3C//DTD XHTML 1.0 Transitional//EN"
    "http://www.w3.org/TR/xhtml1/DTD/xhtml1-transitional.dtd">
<html xmlns="http://www.w3.org/1999/xhtml" xml:lang="en" lang="en">
 <head>
  <title>
</title>
<meta http-equiv="Content-Type" content="text/html;charset=utf-8" />
  <meta name='ocr-system' content='tesseract 3.04.00' />
  <meta name='ocr-capabilities' content='ocr_page ocr_carea ocr_par ocr_line ocrx_word'/>
</head>
<body>
  <div class='ocr_page' id='page_1' title='image "./cvalericatulliv00schmgoog_0094.png"; bbox 0 0 3225 5171; ppageno 0'>
   <div class='ocr_carea' id='block_1_1' title="bbox 658 444 1986 512">
    <p class='ocr_par' dir='ltr' id='par_1_1' title="bbox 658 444 1986 512">
     <span class='ocr_line' id='line_1_1' title="bbox 658 444 1986 512; baseline -0.004 0"><span class='ocrx_word' id='word_1_1' title='bbox 658 444 884 512; x_wconf 68' lang='lat' dir='ltr'><strong>nxxxv1</strong></span> <span class='ocrx_word' id='word_1_2' title='bbox 1530 467 1986 509; x_wconf 74' lang='lat' dir='ltr'><strong>PROLEGom-:NA</strong></span> 
     </span>
    </p>
   </div>
   <div class='ocr_carea' id='block_1_2' title="bbox 657 583 2850 4303">
    <p class='ocr_par' dir='ltr' id='par_1_2' title="bbox 657 583 2846 1854">
     <span class='ocr_line' id='line_1_2' title="bbox 660 583 2846 665; baseline 0 -19"><span class='ocrx_word' id='word_1_3' title='bbox 660 609 730 646; x_wconf 75' lang='lat' dir='ltr'><strong>ex</strong></span> <span class='ocrx_word' id='word_1_4' title='bbox 763 591 887 664; x_wconf 77' lang='lat' dir='ltr'><strong>ipso</strong></span> <span class='ocrx_word' id='word_1_5' title='bbox 914 588 1136 662; x_wconf 81' lang='lat' dir='ltr'><strong>dempta</strong></span> <span class='ocrx_word' id='word_1_6' title='bbox 1169 587 1279 643; x_wconf 80' lang='lat' dir='ltr'><strong>viri</strong></span> <span class='ocrx_word' id='word_1_7' title='bbox 1308 588 1512 660; x_wconf 74' lang='lat' dir='ltr'><strong>yremz&#39;o</strong></span> <span class='ocrx_word' id='word_1_8' title='bbox 1541 583 1842 661; x_wconf 92' lang='lat' dir='ltr'><strong>(LXVIII</strong></span> <span class='ocrx_word' id='word_1_9' title='bbox 1865 584 2030 662; x_wconf 83' lang='lat'><strong>146),</strong></span> <span class='ocrx_word' id='word_1_10' title='bbox 2062 606 2098 643; x_wconf 90' lang='lat' dir='ltr'><strong>a</strong></span> <span class='ocrx_word' id='word_1_11' title='bbox 2132 586 2346 665; x_wconf 87' lang='lat' dir='ltr'><strong>quibus</strong></span> <span class='ocrx_word' id='word_1_12' title='bbox 2381 590 2612 646; x_wconf 89' lang='lat' dir='ltr'><strong>ratione</strong></span> <span class='ocrx_word' id='word_1_13' title='bbox 2648 586 2846 647; x_wconf 84' lang='lat' dir='ltr'><strong>differt</strong></span> 
     </span>
     <span class='ocr_line' id='line_1_3' title="bbox 661 669 2845 751; baseline -0.001 -19"><span class='ocrx_word' id='word_1_14' title='bbox 661 680 867 751; x_wconf 85' lang='lat' dir='ltr'><strong>utpote</strong></span> <span class='ocrx_word' id='word_1_15' title='bbox 912 670 1200 746; x_wconf 83' lang='lat' dir='ltr'>singulari</span> <span class='ocrx_word' id='word_1_16' title='bbox 1237 691 1369 729; x_wconf 93' lang='lat' dir='ltr'><strong>cum</strong></span> <span class='ocrx_word' id='word_1_17' title='bbox 1404 672 1678 730; x_wconf 81' lang='lat' dir='ltr'>acumine</span> <span class='ocrx_word' id='word_1_18' title='bbox 1714 669 1936 730; x_wconf 88' lang='lat' dir='ltr'><strong>dictum</strong></span> <span class='ocrx_word' id='word_1_19' title='bbox 1981 671 2130 729; x_wconf 92' lang='lat' dir='ltr'><strong>illud</strong></span> <span class='ocrx_word' id='word_1_20' title='bbox 2161 673 2367 744; x_wconf 77' lang='lat' dir='ltr'><strong>funera</strong></span> <span class='ocrx_word' id='word_1_21' title='bbox 2403 672 2710 748; x_wconf 80' lang='lat' dir='ltr'><em>Cecropiae</em></span> <span class='ocrx_word' id='word_1_22' title='bbox 2745 691 2845 730; x_wconf 82' lang='lat' dir='ltr'><strong>nec</strong></span> 
     </span>
     <span class='ocr_line' id='line_1_4' title="bbox 658 755 2844 831; baseline -0 -16"><span class='ocrx_word' id='word_1_23' title='bbox 658 761 865 831; x_wconf 82' lang='lat' dir='ltr'><strong>funera</strong></span> <span class='ocrx_word' id='word_1_24' title='bbox 897 758 963 815; x_wconf 93' lang='lat' dir='ltr'><strong>in</strong></span> <span class='ocrx_word' id='word_1_25' title='bbox 998 776 1045 815; x_wconf 94' lang='lat' dir='ltr'><strong>c.</strong></span> <span class='ocrx_word' id='word_1_26' title='bbox 1081 756 1293 815; x_wconf 86' lang='lat' dir='ltr'><strong>LXIV</strong></span> <span class='ocrx_word' id='word_1_27' title='bbox 1329 758 1426 814; x_wconf 88' lang='grc'><strong>83.</strong></span> <span class='ocrx_word' id='word_1_28' title='bbox 1478 755 1626 814; x_wconf 88' lang='lat' dir='ltr'><strong>talia</strong></span> <span class='ocrx_word' id='word_1_29' title='bbox 1661 764 1856 814; x_wconf 89' lang='lat' dir='ltr'><strong>autem</strong></span> <span class='ocrx_word' id='word_1_30' title='bbox 1894 764 2123 814; x_wconf 89' lang='lat' dir='ltr'><strong>tantum</strong></span> <span class='ocrx_word' id='word_1_31' title='bbox 2161 756 2328 816; x_wconf 88' lang='lat' dir='ltr'><strong>abest</strong></span> <span class='ocrx_word' id='word_1_32' title='bbox 2359 766 2427 815; x_wconf 91' lang='lat' dir='ltr'><strong>ut</strong></span> <span class='ocrx_word' id='word_1_33' title='bbox 2460 756 2844 816; x_wconf 88' lang='lat' dir='ltr'><strong>necessitudi-</strong></span> 
     </span>
     <span class='ocr_line' id='line_1_5' title="bbox 663 841 2843 921; baseline -0.001 -19"><span class='ocrx_word' id='word_1_34' title='bbox 663 862 800 902; x_wconf 92' lang='lat' dir='ltr'><strong>nem</strong></span> <span class='ocrx_word' id='word_1_35' title='bbox 844 841 959 901; x_wconf 83' lang='lat' dir='ltr'>sibi</span> <span class='ocrx_word' id='word_1_36' title='bbox 1001 841 1298 918; x_wconf 83' lang='lat' dir='ltr'><strong>postulent</strong></span> <span class='ocrx_word' id='word_1_37' title='bbox 1348 844 1794 917; x_wconf 83' lang='lat' dir='ltr'><strong>grammaticam</strong></span> <span class='ocrx_word' id='word_1_38' title='bbox 1837 849 1903 900; x_wconf 89' lang='lat' dir='ltr'><strong>ut</strong></span> <span class='ocrx_word' id='word_1_39' title='bbox 1946 859 2123 919; x_wconf 88' lang='lat' dir='ltr'><strong>saepe</strong></span> <span class='ocrx_word' id='word_1_40' title='bbox 2165 860 2242 900; x_wconf 91' lang='lat' dir='ltr'><strong>ne</strong></span> <span class='ocrx_word' id='word_1_41' title='bbox 2285 841 2548 901; x_wconf 89' lang='lat' dir='ltr'><strong>eiusdem</strong></span> <span class='ocrx_word' id='word_1_42' title='bbox 2603 841 2843 921; x_wconf 91' lang='lat' dir='ltr'><strong>quidem</strong></span> 
     </span>
     <span class='ocr_line' id='line_1_6' title="bbox 663 925 2842 1003; baseline -0 -17"><span class='ocrx_word' id='word_1_43' title='bbox 663 928 956 986; x_wconf 88' lang='lat' dir='ltr'><strong>enuntiati</strong></span> <span class='ocrx_word' id='word_1_44' title='bbox 990 927 1124 999; x_wconf 89' lang='lat' dir='ltr'><strong>sint,</strong></span> <span class='ocrx_word' id='word_1_45' title='bbox 1160 925 1348 985; x_wconf 88' lang='lat' dir='ltr'><strong>veluti</strong></span> <span class='ocrx_word' id='word_1_46' title='bbox 1377 946 1422 984; x_wconf 93' lang='lat' dir='ltr'><strong>c.</strong></span> <span class='ocrx_word' id='word_1_47' title='bbox 1443 926 1596 985; x_wconf 91' lang='lat' dir='ltr'><strong>LXI</strong></span> <span class='ocrx_word' id='word_1_48' title='bbox 1616 927 1739 983; x_wconf 83' lang='lat'><strong>204</strong></span> <span class='ocrx_word' id='word_1_49' title='bbox 1760 929 2017 1001; x_wconf 82' lang='lat' dir='ltr'><strong>quoniam</strong></span> <span class='ocrx_word' id='word_1_50' title='bbox 2043 929 2243 1001; x_wconf 79' lang='lat' dir='ltr'><strong>palam</strong></span> <span class='ocrx_word' id='word_1_51' title='bbox 2274 925 2436 994; x_wconf 78' lang='lat' dir='ltr'><em>Quod</em></span> <span class='ocrx_word' id='word_1_52' title='bbox 2471 931 2627 1002; x_wconf 80' lang='lat' dir='ltr'><strong>cupis</strong></span> <span class='ocrx_word' id='word_1_53' title='bbox 2665 931 2842 1003; x_wconf 63' lang='lat' dir='ltr'><strong>capia,</strong></span> 
     </span>
     <span class='ocr_line' id='line_1_7' title="bbox 662 1010 2844 1087; baseline -0.001 -15"><span class='ocrx_word' id='word_1_54' title='bbox 662 1014 821 1072; x_wconf 83' lang='lat' dir='ltr'><strong>VIII</strong></span> <span class='ocrx_word' id='word_1_55' title='bbox 841 1014 878 1069; x_wconf 84' lang='lat'><strong>2</strong></span> <span class='ocrx_word' id='word_1_56' title='bbox 907 1013 1055 1086; x_wconf 82' lang='lat' dir='ltr'><strong>quod</strong></span> <span class='ocrx_word' id='word_1_57' title='bbox 1086 1013 1240 1069; x_wconf 72' lang='lat' dir='ltr'><strong>vides</strong></span> <span class='ocrx_word' id='word_1_58' title='bbox 1266 1014 1488 1087; x_wconf 71' lang='lat' dir='ltr'><strong>perisse</strong></span> <span class='ocrx_word' id='word_1_59' title='bbox 1515 1013 1800 1087; x_wconf 79' lang='lat' dir='ltr'><strong>perditum</strong></span> <span class='ocrx_word' id='word_1_60' title='bbox 1835 1013 2031 1082; x_wconf 69' lang='lat' dir='ltr'><strong>ducac,</strong></span> <span class='ocrx_word' id='word_1_61' title='bbox 2067 1010 2277 1071; x_wconf 89' lang='lat' dir='ltr'><strong>LXIV</strong></span> <span class='ocrx_word' id='word_1_62' title='bbox 2295 1011 2375 1069; x_wconf 88' lang='lat'><strong>55</strong></span> <span class='ocrx_word' id='word_1_63' title='bbox 2416 1015 2644 1069; x_wconf 81' lang='lat' dir='ltr'><em>necdum</em></span> <span class='ocrx_word' id='word_1_64' title='bbox 2680 1015 2844 1070; x_wconf 82' lang='lat' dir='ltr'><strong>etiam</strong></span> 
     </span>
     <span class='ocr_line' id='line_1_8' title="bbox 657 1095 2843 1174; baseline 0 -18"><span class='ocrx_word' id='word_1_65' title='bbox 657 1119 784 1156; x_wconf 71' lang='lat' dir='ltr'><strong>sese</strong></span> <span class='ocrx_word' id='word_1_66' title='bbox 819 1118 961 1172; x_wconf 81' lang='lat' dir='ltr'><strong>quae</strong></span> <span class='ocrx_word' id='word_1_67' title='bbox 993 1099 1123 1154; x_wconf 78' lang='lat' dir='ltr'><strong>visit</strong></span> <span class='ocrx_word' id='word_1_68' title='bbox 1157 1099 1334 1153; x_wconf 81' lang='lat' dir='ltr'><strong>visere</strong></span> <span class='ocrx_word' id='word_1_69' title='bbox 1369 1098 1562 1154; x_wconf 82' lang='lat' dir='ltr'><strong>credit.</strong></span> <span class='ocrx_word' id='word_1_70' title='bbox 1637 1095 1788 1155; x_wconf 87' lang='lat' dir='ltr'><strong>conf.</strong></span> <span class='ocrx_word' id='word_1_71' title='bbox 1826 1103 2132 1174; x_wconf 85' lang='lat' dir='ltr'><strong>praeterea</strong></span> <span class='ocrx_word' id='word_1_72' title='bbox 2167 1117 2215 1156; x_wconf 92' lang='lat' dir='ltr'><strong>c.</strong></span> <span class='ocrx_word' id='word_1_73' title='bbox 2251 1096 2354 1155; x_wconf 94' lang='lat' dir='ltr'><strong>III</strong></span> <span class='ocrx_word' id='word_1_74' title='bbox 2384 1097 2651 1155; x_wconf 82' lang='lat'><strong>13—15.</strong></span> <span class='ocrx_word' id='word_1_75' title='bbox 2689 1097 2843 1157; x_wconf 89' lang='lat' dir='ltr'><strong>LXI</strong></span> 
     </span>
     <span class='ocr_line' id='line_1_9' title="bbox 666 1180 2839 1259; baseline 0 -19"><span class='ocrx_word' id='word_1_76' title='bbox 666 1185 805 1240; x_wconf 88' lang='grc'><strong>143.</strong></span> <span class='ocrx_word' id='word_1_77' title='bbox 848 1183 968 1239; x_wconf 83' lang='grc'><strong>152</strong></span> <span class='ocrx_word' id='word_1_78' title='bbox 988 1201 1032 1240; x_wconf 87' lang='lat' dir='ltr'><strong>s.</strong></span> <span class='ocrx_word' id='word_1_79' title='bbox 1103 1180 1311 1240; x_wconf 87' lang='lat' dir='ltr'><strong>eodem</strong></span> <span class='ocrx_word' id='word_1_80' title='bbox 1352 1180 1527 1240; x_wconf 90' lang='lat' dir='ltr'><strong>modo</strong></span> <span class='ocrx_word' id='word_1_81' title='bbox 1573 1191 1861 1258; x_wconf 82' lang='lat' dir='ltr'><strong>cognatae</strong></span> <span class='ocrx_word' id='word_1_82' title='bbox 1902 1200 2077 1240; x_wconf 91' lang='lat' dir='ltr'><strong>voces</strong></span> <span class='ocrx_word' id='word_1_83' title='bbox 2120 1184 2291 1240; x_wconf 87' lang='lat' dir='ltr'><strong>iuxta</strong></span> <span class='ocrx_word' id='word_1_84' title='bbox 2324 1189 2641 1259; x_wconf 86' lang='lat' dir='ltr'><strong>ponuntur,</strong></span> <span class='ocrx_word' id='word_1_85' title='bbox 2688 1190 2754 1241; x_wconf 87' lang='lat' dir='ltr'><strong>ut</strong></span> <span class='ocrx_word' id='word_1_86' title='bbox 2788 1202 2839 1241; x_wconf 88' lang='lat' dir='ltr'><strong>c.</strong></span> 
     </span>
     <span class='ocr_line' id='line_1_10' title="bbox 660 1266 2842 1340; baseline 0.001 -14"><span class='ocrx_word' id='word_1_87' title='bbox 660 1268 856 1326; x_wconf 91' lang='lat' dir='ltr'><strong>XXX</strong></span> <span class='ocrx_word' id='word_1_88' title='bbox 875 1268 954 1323; x_wconf 83' lang='lat'><strong>12</strong></span> <span class='ocrx_word' id='word_1_89' title='bbox 970 1268 1113 1339; x_wconf 80' lang='lat' dir='ltr'><strong>facti</strong></span> <span class='ocrx_word' id='word_1_90' title='bbox 1141 1268 1312 1340; x_wconf 81' lang='lat' dir='ltr'><strong>faciet</strong></span> <span class='ocrx_word' id='word_1_91' title='bbox 1339 1270 1438 1339; x_wconf 81' lang='lat' dir='ltr'><strong>tui,</strong></span> <span class='ocrx_word' id='word_1_92' title='bbox 1474 1266 1686 1325; x_wconf 83' lang='lat' dir='ltr'><strong>LXIV</strong></span> <span class='ocrx_word' id='word_1_93' title='bbox 1703 1266 1825 1324; x_wconf 86' lang='lat'><strong>405</strong></span> <span class='ocrx_word' id='word_1_94' title='bbox 1849 1269 2031 1323; x_wconf 82' lang='lat' dir='ltr'><strong>omnia</strong></span> <span class='ocrx_word' id='word_1_95' title='bbox 2061 1268 2247 1339; x_wconf 81' lang='lat' dir='ltr'><strong>fanda</strong></span> <span class='ocrx_word' id='word_1_96' title='bbox 2272 1268 2533 1340; x_wconf 80' lang='lat' dir='ltr'><strong>nefanda,</strong></span> <span class='ocrx_word' id='word_1_97' title='bbox 2562 1267 2842 1328; x_wconf 89' lang='lat' dir='ltr'><strong>LXVIII</strong></span> 
     </span>
     <span class='ocr_line' id='line_1_11' title="bbox 667 1350 2841 1430; baseline 0 -19"><span class='ocrx_word' id='word_1_98' title='bbox 667 1355 790 1411; x_wconf 89' lang='grc'><strong>160</strong></span> <span class='ocrx_word' id='word_1_99' title='bbox 843 1373 956 1427; x_wconf 85' lang='lat' dir='ltr'><strong>qua</strong></span> <span class='ocrx_word' id='word_1_100' title='bbox 1005 1355 1134 1409; x_wconf 85' lang='lat' dir='ltr'><strong>viva</strong></span> <span class='ocrx_word' id='word_1_101' title='bbox 1183 1355 1363 1409; x_wconf 82' lang='lat' dir='ltr'><strong>vivere</strong></span> <span class='ocrx_word' id='word_1_102' title='bbox 1416 1353 1575 1408; x_wconf 83' lang='lat' dir='ltr'><em>dulce</em></span> <span class='ocrx_word' id='word_1_103' title='bbox 1627 1352 1828 1408; x_wconf 76' lang='lat' dir='ltr'><strong>mihist.</strong></span> <span class='ocrx_word' id='word_1_104' title='bbox 1919 1350 2177 1430; x_wconf 88' lang='lat' dir='ltr'><strong>denique</strong></span> <span class='ocrx_word' id='word_1_105' title='bbox 2219 1355 2286 1409; x_wconf 89' lang='lat' dir='ltr'><strong>in</strong></span> <span class='ocrx_word' id='word_1_106' title='bbox 2330 1351 2489 1410; x_wconf 90' lang='lat' dir='ltr'><strong>hunc</strong></span> <span class='ocrx_word' id='word_1_107' title='bbox 2530 1371 2841 1411; x_wconf 88' lang='lat' dir='ltr'><strong>numerum</strong></span> 
     </span>
     <span class='ocr_line' id='line_1_12' title="bbox 659 1434 2840 1514; baseline 0 -18"><span class='ocrx_word' id='word_1_108' title='bbox 659 1441 830 1497; x_wconf 91' lang='lat' dir='ltr'><strong>venit</strong></span> <span class='ocrx_word' id='word_1_109' title='bbox 870 1437 1183 1495; x_wconf 87' lang='lat' dir='ltr'><strong>verborum</strong></span> <span class='ocrx_word' id='word_1_110' title='bbox 1229 1456 1372 1494; x_wconf 90' lang='lat' dir='ltr'><strong>sono</strong></span> <span class='ocrx_word' id='word_1_111' title='bbox 1425 1436 1828 1514; x_wconf 91' lang='lat' dir='ltr'><strong>persimilium,</strong></span> <span class='ocrx_word' id='word_1_112' title='bbox 1884 1443 1946 1494; x_wconf 88' lang='lat' dir='ltr'><strong>at</strong></span> <span class='ocrx_word' id='word_1_113' title='bbox 1998 1436 2433 1512; x_wconf 84' lang='lat' dir='ltr'><strong>significatione</strong></span> <span class='ocrx_word' id='word_1_114' title='bbox 2476 1434 2840 1497; x_wconf 81' lang='lat' dir='ltr'><strong>diversorum</strong></span> 
     </span>
     <span class='ocr_line' id='line_1_13' title="bbox 659 1520 2839 1600; baseline -0.001 -18"><span class='ocrx_word' id='word_1_115' title='bbox 659 1523 1035 1593; x_wconf 84' lang='lat' dir='ltr'><strong>consociatio,</strong></span> <span class='ocrx_word' id='word_1_116' title='bbox 1081 1541 1257 1600; x_wconf 90' lang='lat' dir='ltr'><strong>quam</strong></span> <span class='ocrx_word' id='word_1_117' title='bbox 1301 1522 1534 1600; x_wconf 84' lang='lat' dir='ltr'><strong>proprie</strong></span> <span class='ocrx_word' id='word_1_118' title='bbox 1575 1523 2049 1598; x_wconf 85' lang='lat' dir='ltr'><strong>paronomasiam</strong></span> <span class='ocrx_word' id='word_1_119' title='bbox 2084 1523 2210 1580; x_wconf 89' lang='lat' dir='ltr'><strong>sive</strong></span> <span class='ocrx_word' id='word_1_120' title='bbox 2256 1520 2839 1597; x_wconf 85' lang='lat' dir='ltr'><strong>adgnominationem</strong></span> 
     </span>
     <span class='ocr_line' id='line_1_14' title="bbox 657 1605 2838 1679; baseline -0 -13"><span class='ocrx_word' id='word_1_121' title='bbox 657 1609 931 1679; x_wconf 83' lang='lat' dir='ltr'><strong>dicimus,</strong></span> <span class='ocrx_word' id='word_1_122' title='bbox 978 1614 1045 1665; x_wconf 90' lang='lat' dir='ltr'><strong>ut</strong></span> <span class='ocrx_word' id='word_1_123' title='bbox 1079 1625 1126 1664; x_wconf 90' lang='lat' dir='ltr'><strong>c.</strong></span> <span class='ocrx_word' id='word_1_124' title='bbox 1163 1605 1228 1662; x_wconf 93' lang='lat' dir='ltr'><strong>X</strong></span> <span class='ocrx_word' id='word_1_125' title='bbox 1265 1606 1343 1662; x_wconf 88' lang='grc'><strong>23</strong></span> <span class='ocrx_word' id='word_1_126' title='bbox 1389 1609 1447 1662; x_wconf 85' lang='lat' dir='ltr'><strong>in</strong></span> <span class='ocrx_word' id='word_1_127' title='bbox 1492 1610 1631 1663; x_wconf 82' lang='lat' dir='ltr'><strong>collo</strong></span> <span class='ocrx_word' id='word_1_128' title='bbox 1677 1608 1781 1664; x_wconf 79' lang='lat' dir='ltr'><strong>sibi</strong></span> <span class='ocrx_word' id='word_1_129' title='bbox 1826 1609 2119 1678; x_wconf 79' lang='lat' dir='ltr'><strong>collocare,</strong></span> <span class='ocrx_word' id='word_1_130' title='bbox 2163 1606 2374 1667; x_wconf 93' lang='lat' dir='ltr'><strong>LXIV</strong></span> <span class='ocrx_word' id='word_1_131' title='bbox 2410 1607 2536 1664; x_wconf 85' lang='lat'><strong>320</strong></span> <span class='ocrx_word' id='word_1_132' title='bbox 2578 1610 2838 1666; x_wconf 78' lang='lat' dir='ltr'><strong>vellentes</strong></span> 
     </span>
     <span class='ocr_line' id='line_1_15' title="bbox 662 1688 2841 1770; baseline 0 -20"><span class='ocrx_word' id='word_1_133' title='bbox 662 1696 874 1750; x_wconf 81' lang='lat' dir='ltr'><strong>vellera</strong></span> <span class='ocrx_word' id='word_1_134' title='bbox 900 1688 1083 1770; x_wconf 90' lang='lat' dir='ltr'><strong>(quod</strong></span> <span class='ocrx_word' id='word_1_135' title='bbox 1119 1693 1376 1767; x_wconf 87' lang='lat' dir='ltr'><strong>speciem</strong></span> <span class='ocrx_word' id='word_1_136' title='bbox 1401 1691 1582 1750; x_wconf 90' lang='lat' dir='ltr'><strong>habet</strong></span> <span class='ocrx_word' id='word_1_137' title='bbox 1605 1691 1832 1766; x_wconf 87' lang='lat' dir='ltr'><strong>figurae</strong></span> <span class='ocrx_word' id='word_1_138' title='bbox 1860 1689 2334 1768; x_wconf 83' lang='lat' dir='ltr'><strong>etymologicae),</strong></span> <span class='ocrx_word' id='word_1_139' title='bbox 2370 1690 2580 1751; x_wconf 84' lang='lat' dir='ltr'><strong>XCIV</strong></span> <span class='ocrx_word' id='word_1_140' title='bbox 2608 1693 2645 1748; x_wconf 95' lang='grc'><strong>2</strong></span> <span class='ocrx_word' id='word_1_141' title='bbox 2683 1695 2841 1750; x_wconf 81' lang='lat' dir='ltr'><strong>olera</strong></span> 
     </span>
     <span class='ocr_line' id='line_1_16' title="bbox 664 1774 2321 1854; baseline -0.001 -19"><span class='ocrx_word' id='word_1_142' title='bbox 664 1781 780 1835; x_wconf 81' lang='lat' dir='ltr'><strong>olla</strong></span> <span class='ocrx_word' id='word_1_143' title='bbox 814 1779 963 1850; x_wconf 74' lang='lat' dir='ltr'><strong>leqit,</strong></span> <span class='ocrx_word' id='word_1_144' title='bbox 1002 1795 1155 1854; x_wconf 87' lang='lat' dir='ltr'><strong>quae</strong></span> <span class='ocrx_word' id='word_1_145' title='bbox 1191 1783 1317 1834; x_wconf 87' lang='lat' dir='ltr'><strong>erat</strong></span> <span class='ocrx_word' id='word_1_146' title='bbox 1352 1775 1741 1853; x_wconf 85' lang='lat' dir='ltr'><strong>proverbialis</strong></span> <span class='ocrx_word' id='word_1_147' title='bbox 1776 1775 2013 1834; x_wconf 83' lang='lat' dir='ltr'><strong>locutio.</strong></span> <span class='ocrx_word' id='word_1_148' title='bbox 2317 1774 2321 1777; x_wconf 65' lang='grc'>’</span> 
     </span>
    </p>

    <p class='ocr_par' dir='ltr' id='par_1_3' title="bbox 658 1859 2850 4303">
     <span class='ocr_line' id='line_1_17' title="bbox 790 1859 2838 1938; baseline 0.001 -18"><span class='ocrx_word' id='word_1_149' title='bbox 790 1862 1284 1920; x_wconf 87' lang='lat' dir='ltr'><strong>Enumeravimus</strong></span> <span class='ocrx_word' id='word_1_150' title='bbox 1319 1862 1574 1938; x_wconf 89' lang='lat' dir='ltr'><strong>potiores</strong></span> <span class='ocrx_word' id='word_1_151' title='bbox 1610 1863 1674 1919; x_wconf 88' lang='lat' dir='ltr'><strong>in</strong></span> <span class='ocrx_word' id='word_1_152' title='bbox 1710 1880 1976 1920; x_wconf 86' lang='lat' dir='ltr'><strong>sermone</strong></span> <span class='ocrx_word' id='word_1_153' title='bbox 2010 1859 2352 1921; x_wconf 89' lang='lat' dir='ltr'><strong>Catulliano</strong></span> <span class='ocrx_word' id='word_1_154' title='bbox 2387 1865 2698 1922; x_wconf 85' lang='lat' dir='ltr'><strong>vetustatis</strong></span> <span class='ocrx_word' id='word_1_155' title='bbox 2733 1882 2838 1922; x_wconf 89' lang='lat' dir='ltr'><strong>no-</strong></span> 
     </span>
     <span class='ocr_line' id='line_1_18' title="bbox 660 1948 2839 2026; baseline 0.001 -21"><span class='ocrx_word' id='word_1_156' title='bbox 660 1955 771 2006; x_wconf 82' lang='lat' dir='ltr'><strong>tas.</strong></span> <span class='ocrx_word' id='word_1_157' title='bbox 852 1965 1020 2026; x_wconf 89' lang='lat' dir='ltr'><strong>quae,</strong></span> <span class='ocrx_word' id='word_1_158' title='bbox 1074 1953 1141 2004; x_wconf 92' lang='lat' dir='ltr'><strong>ut</strong></span> <span class='ocrx_word' id='word_1_159' title='bbox 1181 1966 1290 2023; x_wconf 88' lang='lat' dir='ltr'><strong>par</strong></span> <span class='ocrx_word' id='word_1_160' title='bbox 1332 1954 1437 2018; x_wconf 87' lang='lat' dir='ltr'><strong>est,</strong></span> <span class='ocrx_word' id='word_1_161' title='bbox 1492 1966 1612 2004; x_wconf 89' lang='lat' dir='ltr'><strong>non</strong></span> <span class='ocrx_word' id='word_1_162' title='bbox 1666 1965 1868 2005; x_wconf 91' lang='lat' dir='ltr'><strong>omnes</strong></span> <span class='ocrx_word' id='word_1_163' title='bbox 1917 1948 1983 2005; x_wconf 92' lang='lat' dir='ltr'><strong>in</strong></span> <span class='ocrx_word' id='word_1_164' title='bbox 2028 1950 2190 2005; x_wconf 92' lang='lat' dir='ltr'><strong>omni</strong></span> <span class='ocrx_word' id='word_1_165' title='bbox 2241 1965 2460 2023; x_wconf 87' lang='lat' dir='ltr'><strong>genere</strong></span> <span class='ocrx_word' id='word_1_166' title='bbox 2512 1949 2839 2007; x_wconf 82' lang='lat' dir='ltr'><strong>carminum</strong></span> 
     </span>
     <span class='ocr_line' id='line_1_19' title="bbox 661 2029 2837 2112; baseline 0 -22"><span class='ocrx_word' id='word_1_167' title='bbox 661 2035 994 2112; x_wconf 87' lang='lat' dir='ltr'><strong>promiscue</strong></span> <span class='ocrx_word' id='word_1_168' title='bbox 1028 2033 1427 2102; x_wconf 88' lang='lat' dir='ltr'><strong>inveniuntur,</strong></span> <span class='ocrx_word' id='word_1_169' title='bbox 1465 2029 1569 2089; x_wconf 89' lang='lat' dir='ltr'><strong>sed</strong></span> <span class='ocrx_word' id='word_1_170' title='bbox 1603 2051 1708 2108; x_wconf 90' lang='lat' dir='ltr'><strong>pro</strong></span> <span class='ocrx_word' id='word_1_171' title='bbox 1737 2030 1973 2089; x_wconf 91' lang='lat' dir='ltr'><strong>diversa</strong></span> <span class='ocrx_word' id='word_1_172' title='bbox 2007 2050 2209 2090; x_wconf 87' lang='lat' dir='ltr'><strong>eorum</strong></span> <span class='ocrx_word' id='word_1_173' title='bbox 2234 2039 2361 2091; x_wconf 89' lang='lat' dir='ltr'><strong>arte</strong></span> <span class='ocrx_word' id='word_1_174' title='bbox 2396 2031 2550 2091; x_wconf 87' lang='lat' dir='ltr'><strong>aliae</strong></span> <span class='ocrx_word' id='word_1_175' title='bbox 2583 2036 2650 2091; x_wconf 92' lang='lat' dir='ltr'><strong>in</strong></span> <span class='ocrx_word' id='word_1_176' title='bbox 2687 2032 2837 2091; x_wconf 82' lang='lat' dir='ltr'><strong>aliis.</strong></span> 
     </span>
     <span class='ocr_line' id='line_1_20' title="bbox 658 2115 2839 2196; baseline -0 -19"><span class='ocrx_word' id='word_1_177' title='bbox 658 2117 889 2177; x_wconf 86' lang='lat' dir='ltr'><strong>scilicet</strong></span> <span class='ocrx_word' id='word_1_178' title='bbox 914 2135 1066 2196; x_wconf 89' lang='lat' dir='ltr'><strong>quae</strong></span> <span class='ocrx_word' id='word_1_179' title='bbox 1092 2116 1276 2175; x_wconf 91' lang='lat' dir='ltr'><strong>verba</strong></span> <span class='ocrx_word' id='word_1_180' title='bbox 1299 2116 1729 2195; x_wconf 88' lang='lat' dir='ltr'><strong>verborumque</strong></span> <span class='ocrx_word' id='word_1_181' title='bbox 1754 2116 1976 2175; x_wconf 88' lang='lat' dir='ltr'><strong>formae</strong></span> <span class='ocrx_word' id='word_1_182' title='bbox 1996 2125 2055 2175; x_wconf 92' lang='lat' dir='ltr'><strong>et</strong></span> <span class='ocrx_word' id='word_1_183' title='bbox 2077 2115 2406 2175; x_wconf 90' lang='lat' dir='ltr'><strong>locutiones</strong></span> <span class='ocrx_word' id='word_1_184' title='bbox 2425 2125 2485 2176; x_wconf 86' lang='lat' dir='ltr'><strong>et</strong></span> <span class='ocrx_word' id='word_1_185' title='bbox 2510 2125 2839 2177; x_wconf 84' lang='lat' dir='ltr'><strong>structurae</strong></span> 
     </span>
     <span class='ocr_line' id='line_1_21' title="bbox 658 2199 2839 2279; baseline 0 -17"><span class='ocrx_word' id='word_1_186' title='bbox 658 2211 725 2262; x_wconf 88' lang='lat' dir='ltr'><strong>et</strong></span> <span class='ocrx_word' id='word_1_187' title='bbox 759 2208 1104 2262; x_wconf 89' lang='lat' dir='ltr'><strong>ornamenta</strong></span> <span class='ocrx_word' id='word_1_188' title='bbox 1145 2204 1375 2279; x_wconf 86' lang='lat' dir='ltr'><strong>priscae</strong></span> <span class='ocrx_word' id='word_1_189' title='bbox 1417 2200 1660 2276; x_wconf 88' lang='lat' dir='ltr'><strong>linguae</strong></span> <span class='ocrx_word' id='word_1_190' title='bbox 1696 2200 1769 2259; x_wconf 89' lang='lat' dir='ltr'><strong>ab</strong></span> <span class='ocrx_word' id='word_1_191' title='bbox 1808 2201 2037 2260; x_wconf 88' lang='lat' dir='ltr'><strong>elatiori</strong></span> <span class='ocrx_word' id='word_1_192' title='bbox 2073 2199 2331 2261; x_wconf 86' lang='lat' dir='ltr'><strong>dictione</strong></span> <span class='ocrx_word' id='word_1_193' title='bbox 2366 2222 2487 2261; x_wconf 90' lang='lat' dir='ltr'><strong>non</strong></span> <span class='ocrx_word' id='word_1_194' title='bbox 2522 2202 2839 2262; x_wconf 89' lang='lat' dir='ltr'><strong>abhorrere</strong></span> 
     </span>
     <span class='ocr_line' id='line_1_22' title="bbox 662 2285 2840 2366; baseline 0 -20"><span class='ocrx_word' id='word_1_195' title='bbox 662 2294 770 2346; x_wconf 88' lang='lat' dir='ltr'><strong>aut</strong></span> <span class='ocrx_word' id='word_1_196' title='bbox 804 2287 950 2346; x_wconf 90' lang='lat' dir='ltr'><strong>adeo</strong></span> <span class='ocrx_word' id='word_1_197' title='bbox 988 2288 1305 2344; x_wconf 89' lang='lat' dir='ltr'><strong>convenire</strong></span> <span class='ocrx_word' id='word_1_198' title='bbox 1340 2288 1397 2343; x_wconf 92' lang='lat' dir='ltr'><strong>ei</strong></span> <span class='ocrx_word' id='word_1_199' title='bbox 1431 2285 1805 2357; x_wconf 90' lang='lat' dir='ltr'><strong>videbantur,</strong></span> <span class='ocrx_word' id='word_1_200' title='bbox 1850 2306 1928 2344; x_wconf 91' lang='lat' dir='ltr'><strong>ne</strong></span> <span class='ocrx_word' id='word_1_201' title='bbox 1961 2306 1998 2344; x_wconf 89' lang='lat' dir='ltr'><strong>a</strong></span> <span class='ocrx_word' id='word_1_202' title='bbox 2033 2285 2391 2346; x_wconf 80' lang='lat' dir='ltr'><strong>doctioribus</strong></span> <span class='ocrx_word' id='word_1_203' title='bbox 2427 2286 2668 2366; x_wconf 90' lang='lat' dir='ltr'><strong>quidem</strong></span> <span class='ocrx_word' id='word_1_204' title='bbox 2700 2306 2840 2366; x_wconf 89' lang='lat' dir='ltr'><strong>poe-</strong></span> 
     </span>
     <span class='ocr_line' id='line_1_23' title="bbox 658 2369 2841 2451; baseline 0.001 -21"><span class='ocrx_word' id='word_1_205' title='bbox 658 2374 839 2431; x_wconf 87' lang='lat' dir='ltr'><strong>matis</strong></span> <span class='ocrx_word' id='word_1_206' title='bbox 875 2369 1117 2430; x_wconf 84' lang='lat' dir='ltr'><strong>exclusa</strong></span> <span class='ocrx_word' id='word_1_207' title='bbox 1151 2378 1253 2428; x_wconf 90' lang='lat' dir='ltr'><strong>aut</strong></span> <span class='ocrx_word' id='word_1_208' title='bbox 1293 2373 1359 2428; x_wconf 89' lang='lat' dir='ltr'><strong>in</strong></span> <span class='ocrx_word' id='word_1_209' title='bbox 1401 2369 1493 2428; x_wconf 86' lang='lat' dir='ltr'><strong>his</strong></span> <span class='ocrx_word' id='word_1_210' title='bbox 1530 2371 1670 2429; x_wconf 88' lang='lat' dir='ltr'><strong>solis</strong></span> <span class='ocrx_word' id='word_1_211' title='bbox 1704 2370 1963 2429; x_wconf 88' lang='lat' dir='ltr'><strong>admissa</strong></span> <span class='ocrx_word' id='word_1_212' title='bbox 2008 2378 2160 2430; x_wconf 90' lang='lat' dir='ltr'><strong>sunt.</strong></span> <span class='ocrx_word' id='word_1_213' title='bbox 2235 2379 2439 2430; x_wconf 88' lang='lat' dir='ltr'><strong>contra</strong></span> <span class='ocrx_word' id='word_1_214' title='bbox 2473 2379 2676 2432; x_wconf 88' lang='lat' dir='ltr'><strong>vetera</strong></span> <span class='ocrx_word' id='word_1_215' title='bbox 2709 2375 2841 2451; x_wconf 91' lang='lat' dir='ltr'><strong>qui-</strong></span> 
     </span>
     <span class='ocr_line' id='line_1_24' title="bbox 660 2454 2841 2534; baseline 0 -20"><span class='ocrx_word' id='word_1_216' title='bbox 660 2457 816 2529; x_wconf 88' lang='lat' dir='ltr'><strong>dem,</strong></span> <span class='ocrx_word' id='word_1_217' title='bbox 854 2454 960 2515; x_wconf 90' lang='lat' dir='ltr'><strong>sed</strong></span> <span class='ocrx_word' id='word_1_218' title='bbox 992 2456 1226 2533; x_wconf 90' lang='lat' dir='ltr'><strong>proprie</strong></span> <span class='ocrx_word' id='word_1_219' title='bbox 1260 2454 1494 2534; x_wconf 89' lang='lat' dir='ltr'><strong>plebeia</strong></span> <span class='ocrx_word' id='word_1_220' title='bbox 1527 2455 1652 2514; x_wconf 86' lang='lat' dir='ltr'><strong>fere</strong></span> <span class='ocrx_word' id='word_1_221' title='bbox 1687 2475 1808 2514; x_wconf 91' lang='lat' dir='ltr'><strong>non</strong></span> <span class='ocrx_word' id='word_1_222' title='bbox 1837 2463 2159 2533; x_wconf 89' lang='lat' dir='ltr'><strong>conparent</strong></span> <span class='ocrx_word' id='word_1_223' title='bbox 2193 2458 2309 2514; x_wconf 90' lang='lat' dir='ltr'><strong>nisi</strong></span> <span class='ocrx_word' id='word_1_224' title='bbox 2342 2459 2408 2516; x_wconf 89' lang='lat' dir='ltr'><strong>in</strong></span> <span class='ocrx_word' id='word_1_225' title='bbox 2445 2460 2529 2516; x_wconf 88' lang='lat' dir='ltr'><strong>eis</strong></span> <span class='ocrx_word' id='word_1_226' title='bbox 2567 2461 2841 2515; x_wconf 88' lang='lat' dir='ltr'><strong>carmini-</strong></span> 
     </span>
     <span class='ocr_line' id='line_1_25' title="bbox 663 2538 2838 2621; baseline 0 -20"><span class='ocrx_word' id='word_1_227' title='bbox 663 2542 776 2601; x_wconf 91' lang='lat' dir='ltr'><strong>bus</strong></span> <span class='ocrx_word' id='word_1_228' title='bbox 805 2559 958 2621; x_wconf 89' lang='lat' dir='ltr'><strong>quae</strong></span> <span class='ocrx_word' id='word_1_229' title='bbox 992 2542 1055 2599; x_wconf 91' lang='lat' dir='ltr'><strong>in</strong></span> <span class='ocrx_word' id='word_1_230' title='bbox 1089 2539 1264 2599; x_wconf 88' lang='lat' dir='ltr'><strong>rebus</strong></span> <span class='ocrx_word' id='word_1_231' title='bbox 1300 2538 1377 2598; x_wconf 92' lang='lat' dir='ltr'><strong>ad</strong></span> <span class='ocrx_word' id='word_1_232' title='bbox 1413 2539 1796 2599; x_wconf 85' lang='lat' dir='ltr'><strong>cottidianam</strong></span> <span class='ocrx_word' id='word_1_233' title='bbox 1830 2543 2017 2600; x_wconf 89' lang='lat' dir='ltr'><strong>vitam</strong></span> <span class='ocrx_word' id='word_1_234' title='bbox 2051 2541 2481 2619; x_wconf 87' lang='lat' dir='ltr'><strong>pertinentibus</strong></span> <span class='ocrx_word' id='word_1_235' title='bbox 2511 2550 2838 2602; x_wconf 88' lang='lat' dir='ltr'><strong>versantur.</strong></span> 
     </span>
     <span class='ocr_line' id='line_1_26' title="bbox 664 2624 2841 2707; baseline 0.001 -21"><span class='ocrx_word' id='word_1_236' title='bbox 664 2648 804 2686; x_wconf 86' lang='lat' dir='ltr'><strong>nam</strong></span> <span class='ocrx_word' id='word_1_237' title='bbox 841 2629 1079 2685; x_wconf 90' lang='lat' dir='ltr'><strong>omnino</strong></span> <span class='ocrx_word' id='word_1_238' title='bbox 1113 2624 1277 2684; x_wconf 87' lang='lat' dir='ltr'><strong>haud</strong></span> <span class='ocrx_word' id='word_1_239' title='bbox 1308 2625 1442 2685; x_wconf 93' lang='lat' dir='ltr'><strong>leve</strong></span> <span class='ocrx_word' id='word_1_240' title='bbox 1470 2628 1748 2685; x_wconf 88' lang='lat' dir='ltr'><strong>orationis</strong></span> <span class='ocrx_word' id='word_1_241' title='bbox 1782 2628 1937 2685; x_wconf 89' lang='lat' dir='ltr'><strong>inter</strong></span> <span class='ocrx_word' id='word_1_242' title='bbox 1964 2635 2278 2707; x_wconf 87' lang='lat' dir='ltr'><strong>utrumque</strong></span> <span class='ocrx_word' id='word_1_243' title='bbox 2303 2646 2491 2704; x_wconf 88' lang='lat' dir='ltr'><strong>genus</strong></span> <span class='ocrx_word' id='word_1_244' title='bbox 2521 2628 2841 2688; x_wconf 89' lang='lat' dir='ltr'><strong>discrimen</strong></span> 
     </span>
     <span class='ocr_line' id='line_1_27' title="bbox 665 2709 2840 2790; baseline 0 -18"><span class='ocrx_word' id='word_1_245' title='bbox 665 2712 992 2772; x_wconf 87' lang='lat' dir='ltr'><strong>intercedit.</strong></span> <span class='ocrx_word' id='word_1_246' title='bbox 1064 2709 1226 2790; x_wconf 89' lang='lat' dir='ltr'><strong>quod</strong></span> <span class='ocrx_word' id='word_1_247' title='bbox 1260 2730 1394 2769; x_wconf 90' lang='lat' dir='ltr'><strong>cum</strong></span> <span class='ocrx_word' id='word_1_248' title='bbox 1440 2730 1514 2770; x_wconf 85' lang='lat' dir='ltr'><strong>ex</strong></span> <span class='ocrx_word' id='word_1_249' title='bbox 1560 2711 1695 2771; x_wconf 87' lang='lat' dir='ltr'><strong>aliis</strong></span> <span class='ocrx_word' id='word_1_250' title='bbox 1729 2711 1904 2770; x_wconf 91' lang='lat' dir='ltr'><strong>rebus</strong></span> <span class='ocrx_word' id='word_1_251' title='bbox 1948 2719 2073 2770; x_wconf 89' lang='lat' dir='ltr'><strong>tum</strong></span> <span class='ocrx_word' id='word_1_252' title='bbox 2120 2731 2153 2771; x_wconf 90' lang='lat' dir='ltr'><strong>e</strong></span> <span class='ocrx_word' id='word_1_253' title='bbox 2194 2713 2508 2772; x_wconf 90' lang='lat' dir='ltr'><strong>verborum</strong></span> <span class='ocrx_word' id='word_1_254' title='bbox 2553 2714 2840 2773; x_wconf 89' lang='lat' dir='ltr'><strong>electione</strong></span> 
     </span>
     <span class='ocr_line' id='line_1_28' title="bbox 663 2795 2838 2877; baseline -0.001 -19"><span class='ocrx_word' id='word_1_255' title='bbox 663 2799 1030 2877; x_wconf 88' lang='lat' dir='ltr'><strong>perspicitur,</strong></span> <span class='ocrx_word' id='word_1_256' title='bbox 1077 2815 1230 2875; x_wconf 89' lang='lat' dir='ltr'><strong>quae</strong></span> <span class='ocrx_word' id='word_1_257' title='bbox 1266 2795 1534 2856; x_wconf 85' lang='lat' dir='ltr'><strong>Catullus</strong></span> <span class='ocrx_word' id='word_1_258' title='bbox 1580 2804 1925 2874; x_wconf 91' lang='lat' dir='ltr'><strong>argumento</strong></span> <span class='ocrx_word' id='word_1_259' title='bbox 1973 2800 2255 2875; x_wconf 88' lang='lat' dir='ltr'><strong>cuiusque</strong></span> <span class='ocrx_word' id='word_1_260' title='bbox 2290 2800 2566 2857; x_wconf 88' lang='lat' dir='ltr'><strong>carminis</strong></span> <span class='ocrx_word' id='word_1_261' title='bbox 2611 2818 2838 2857; x_wconf 88' lang='lat' dir='ltr'><strong>accom-</strong></span> 
     </span>
     <span class='ocr_line' id='line_1_29' title="bbox 661 2881 2839 2962; baseline 0 -20"><span class='ocrx_word' id='word_1_262' title='bbox 661 2882 906 2943; x_wconf 90' lang='lat' dir='ltr'><strong>modare</strong></span> <span class='ocrx_word' id='word_1_263' title='bbox 940 2881 1166 2941; x_wconf 89' lang='lat' dir='ltr'><strong>studuit</strong></span> <span class='ocrx_word' id='word_1_264' title='bbox 1207 2884 1293 2939; x_wconf 87' lang='lat' dir='ltr'><strong>ita</strong></span> <span class='ocrx_word' id='word_1_265' title='bbox 1337 2889 1403 2940; x_wconf 87' lang='lat' dir='ltr'><strong>ut</strong></span> <span class='ocrx_word' id='word_1_266' title='bbox 1437 2881 1511 2940; x_wconf 90' lang='lat' dir='ltr'><strong>ab</strong></span> <span class='ocrx_word' id='word_1_267' title='bbox 1559 2882 1670 2941; x_wconf 92' lang='lat' dir='ltr'><strong>hoc</strong></span> <span class='ocrx_word' id='word_1_268' title='bbox 1707 2883 2057 2955; x_wconf 89' lang='lat' dir='ltr'><strong>communia,</strong></span> <span class='ocrx_word' id='word_1_269' title='bbox 2105 2882 2179 2942; x_wconf 89' lang='lat' dir='ltr'><strong>ab</strong></span> <span class='ocrx_word' id='word_1_270' title='bbox 2216 2881 2320 2943; x_wconf 91' lang='lat' dir='ltr'><strong>illo</strong></span> <span class='ocrx_word' id='word_1_271' title='bbox 2355 2884 2600 2943; x_wconf 89' lang='lat' dir='ltr'><strong>lectiora</strong></span> <span class='ocrx_word' id='word_1_272' title='bbox 2631 2883 2839 2962; x_wconf 92' lang='lat' dir='ltr'><strong>procul</strong></span> 
     </span>
     <span class='ocr_line' id='line_1_30' title="bbox 664 2965 2839 3046; baseline -0 -18"><span class='ocrx_word' id='word_1_273' title='bbox 664 2969 925 3028; x_wconf 85' lang='lat' dir='ltr'><strong>haberet.</strong></span> <span class='ocrx_word' id='word_1_274' title='bbox 985 2967 1173 3026; x_wconf 89' lang='lat' dir='ltr'><strong>veluti</strong></span> <span class='ocrx_word' id='word_1_275' title='bbox 1209 2968 1439 3039; x_wconf 81' lang='lat' dir='ltr'><strong>basium,</strong></span> <span class='ocrx_word' id='word_1_276' title='bbox 1475 2965 1833 3026; x_wconf 88' lang='lat' dir='ltr'><strong>vocabulum</strong></span> <span class='ocrx_word' id='word_1_277' title='bbox 1865 2974 2029 3026; x_wconf 88' lang='lat' dir='ltr'><strong>tanto</strong></span> <span class='ocrx_word' id='word_1_278' title='bbox 2066 2986 2242 3045; x_wconf 88' lang='lat' dir='ltr'><strong>opere</strong></span> <span class='ocrx_word' id='word_1_279' title='bbox 2275 2968 2390 3027; x_wconf 88' lang='lat' dir='ltr'><strong>sibi</strong></span> <span class='ocrx_word' id='word_1_280' title='bbox 2425 2969 2734 3046; x_wconf 87' lang='lat' dir='ltr'><strong>probatum</strong></span> <span class='ocrx_word' id='word_1_281' title='bbox 2770 2972 2839 3027; x_wconf 91' lang='lat' dir='ltr'><strong>in</strong></span> 
     </span>
     <span class='ocr_line' id='line_1_31' title="bbox 666 3053 2838 3133; baseline -0.001 -20"><span class='ocrx_word' id='word_1_282' title='bbox 666 3055 974 3133; x_wconf 87' lang='lat' dir='ltr'><strong>poematiis</strong></span> <span class='ocrx_word' id='word_1_283' title='bbox 1027 3054 1165 3123; x_wconf 89' lang='lat' dir='ltr'><strong>suis,</strong></span> <span class='ocrx_word' id='word_1_284' title='bbox 1220 3071 1352 3110; x_wconf 91' lang='lat' dir='ltr'><strong>cum</strong></span> <span class='ocrx_word' id='word_1_285' title='bbox 1405 3070 1510 3130; x_wconf 89' lang='lat' dir='ltr'><strong>per</strong></span> <span class='ocrx_word' id='word_1_286' title='bbox 1560 3059 1813 3111; x_wconf 88' lang='lat' dir='ltr'><strong>metrum</strong></span> <span class='ocrx_word' id='word_1_287' title='bbox 1853 3061 2052 3129; x_wconf 91' lang='lat' dir='ltr'><strong>posset</strong></span> <span class='ocrx_word' id='word_1_288' title='bbox 2095 3054 2272 3111; x_wconf 90' lang='lat' dir='ltr'><strong>etiam</strong></span> <span class='ocrx_word' id='word_1_289' title='bbox 2315 3074 2363 3112; x_wconf 91' lang='lat' dir='ltr'><strong>c.</strong></span> <span class='ocrx_word' id='word_1_290' title='bbox 2401 3053 2678 3113; x_wconf 92' lang='lat' dir='ltr'><strong>LXVIII</strong></span> <span class='ocrx_word' id='word_1_291' title='bbox 2716 3055 2838 3111; x_wconf 84' lang='lat'><strong>127</strong></span> 
     </span>
     <span class='ocr_line' id='line_1_32' title="bbox 663 3136 2842 3218; baseline -0.001 -21"><span class='ocrx_word' id='word_1_292' title='bbox 663 3156 900 3218; x_wconf 90' lang='lat' dir='ltr'><strong>ponere,</strong></span> <span class='ocrx_word' id='word_1_293' title='bbox 952 3144 1153 3195; x_wconf 89' lang='lat' dir='ltr'><strong>tamen</strong></span> <span class='ocrx_word' id='word_1_294' title='bbox 1204 3144 1271 3193; x_wconf 93' lang='lat' dir='ltr'><strong>ut</strong></span> <span class='ocrx_word' id='word_1_295' title='bbox 1320 3137 1460 3195; x_wconf 91' lang='lat' dir='ltr'><strong>huic</strong></span> <span class='ocrx_word' id='word_1_296' title='bbox 1510 3136 1738 3212; x_wconf 88' lang='lat' dir='ltr'><strong>elegiae</strong></span> <span class='ocrx_word' id='word_1_297' title='bbox 1787 3158 1995 3216; x_wconf 89' lang='lat' dir='ltr'><strong>parum</strong></span> <span class='ocrx_word' id='word_1_298' title='bbox 2047 3144 2248 3214; x_wconf 89' lang='lat' dir='ltr'><strong>aptum</strong></span> <span class='ocrx_word' id='word_1_299' title='bbox 2302 3141 2539 3216; x_wconf 82' lang='lat' dir='ltr'><strong>respuit,</strong></span> <span class='ocrx_word' id='word_1_300' title='bbox 2595 3142 2842 3196; x_wconf 79' lang='lat' dir='ltr'><strong>osculum</strong></span> 
     </span>
     <span class='ocr_line' id='line_1_33' title="bbox 665 3220 2838 3303; baseline -0 -22"><span class='ocrx_word' id='word_1_301' title='bbox 665 3222 961 3303; x_wconf 88' lang='lat' dir='ltr'><strong>praetulit.</strong></span> <span class='ocrx_word' id='word_1_302' title='bbox 1032 3220 1153 3278; x_wconf 89' lang='lat' dir='ltr'><strong>alia</strong></span> <span class='ocrx_word' id='word_1_303' title='bbox 1193 3220 1367 3278; x_wconf 88' lang='lat' dir='ltr'><strong>huius</strong></span> <span class='ocrx_word' id='word_1_304' title='bbox 1411 3224 1645 3296; x_wconf 90' lang='lat' dir='ltr'><strong>generis</strong></span> <span class='ocrx_word' id='word_1_305' title='bbox 1692 3224 2002 3299; x_wconf 88' lang='lat' dir='ltr'><strong>conposuit</strong></span> <span class='ocrx_word' id='word_1_306' title='bbox 2053 3221 2326 3281; x_wconf 83' lang='lat' dir='ltr'><strong>Suessius</strong></span> <span class='ocrx_word' id='word_1_307' title='bbox 2367 3222 2406 3281; x_wconf 88' lang='lat' dir='ltr'><strong>l.</strong></span> <span class='ocrx_word' id='word_1_308' title='bbox 2455 3244 2500 3282; x_wconf 92' lang='lat' dir='ltr'><strong>c.</strong></span> <span class='ocrx_word' id='word_1_309' title='bbox 2545 3244 2603 3302; x_wconf 89' lang='lat' dir='ltr'><strong>p.</strong></span> <span class='ocrx_word' id='word_1_310' title='bbox 2643 3226 2720 3282; x_wconf 84' lang='lat'><strong>25</strong></span> <span class='ocrx_word' id='word_1_311' title='bbox 2743 3243 2838 3296; x_wconf 89' lang='lat' dir='ltr'><strong>ss.,</strong></span> 
     </span>
     <span class='ocr_line' id='line_1_34' title="bbox 660 3305 2839 3387; baseline 0 -21"><span class='ocrx_word' id='word_1_312' title='bbox 660 3326 1043 3387; x_wconf 87' lang='lat' dir='ltr'><strong>quamquam,</strong></span> <span class='ocrx_word' id='word_1_313' title='bbox 1096 3312 1163 3363; x_wconf 89' lang='lat' dir='ltr'><strong>ut</strong></span> <span class='ocrx_word' id='word_1_314' title='bbox 1216 3305 1407 3363; x_wconf 88' lang='lat' dir='ltr'><strong>solent</strong></span> <span class='ocrx_word' id='word_1_315' title='bbox 1450 3305 1903 3378; x_wconf 82' lang='lat' dir='ltr'><strong>VVoelffliniani‚</strong></span> <span class='ocrx_word' id='word_1_316' title='bbox 1959 3306 2198 3365; x_wconf 90' lang='lat' dir='ltr'><strong>modum</strong></span> <span class='ocrx_word' id='word_1_317' title='bbox 2241 3328 2360 3366; x_wconf 88' lang='lat' dir='ltr'><strong>non</strong></span> <span class='ocrx_word' id='word_1_318' title='bbox 2413 3311 2620 3368; x_wconf 87' lang='lat' dir='ltr'><strong>tenuit.</strong></span> <span class='ocrx_word' id='word_1_319' title='bbox 2699 3329 2839 3367; x_wconf 90' lang='lat' dir='ltr'><strong>nam</strong></span> 
     </span>
     <span class='ocr_line' id='line_1_35' title="bbox 664 3390 2841 3473; baseline 0.001 -23"><span class='ocrx_word' id='word_1_320' title='bbox 664 3391 827 3471; x_wconf 91' lang='lat' dir='ltr'><strong>quod</strong></span> <span class='ocrx_word' id='word_1_321' title='bbox 881 3410 1098 3466; x_wconf 77' lang='lat' dir='ltr'><strong>semper</strong></span> <span class='ocrx_word' id='word_1_322' title='bbox 1149 3390 1499 3448; x_wconf 88' lang='lat' dir='ltr'><strong>vocabulum</strong></span> <span class='ocrx_word' id='word_1_323' title='bbox 1545 3411 1581 3449; x_wconf 97' lang='lat' dir='ltr'><strong>a</strong></span> <span class='ocrx_word' id='word_1_324' title='bbox 1627 3392 1983 3450; x_wconf 86' lang='lat' dir='ltr'><strong>carminibus</strong></span> <span class='ocrx_word' id='word_1_325' title='bbox 2035 3393 2288 3450; x_wconf 93' lang='lat' dir='ltr'><strong>I—LX</strong></span> <span class='ocrx_word' id='word_1_326' title='bbox 2340 3392 2545 3452; x_wconf 88' lang='lat' dir='ltr'><strong>abesse</strong></span> <span class='ocrx_word' id='word_1_327' title='bbox 2598 3396 2841 3473; x_wconf 86' lang='lat' dir='ltr'><strong>eiusque</strong></span> 
     </span>
     <span class='ocr_line' id='line_1_36' title="bbox 664 3474 2843 3556; baseline 0.001 -21"><span class='ocrx_word' id='word_1_328' title='bbox 664 3480 796 3536; x_wconf 93' lang='lat' dir='ltr'><strong>vice</strong></span> <span class='ocrx_word' id='word_1_329' title='bbox 831 3497 1005 3551; x_wconf 80' lang='lat' dir='ltr'><strong>usque</strong></span> <span class='ocrx_word' id='word_1_330' title='bbox 1038 3474 1387 3533; x_wconf 89' lang='lat' dir='ltr'><strong>adverbium</strong></span> <span class='ocrx_word' id='word_1_331' title='bbox 1420 3474 1594 3551; x_wconf 89' lang='lat' dir='ltr'><strong>fungi</strong></span> <span class='ocrx_word' id='word_1_332' title='bbox 1630 3479 1730 3548; x_wconf 87' lang='lat' dir='ltr'><strong>ait,</strong></span> <span class='ocrx_word' id='word_1_333' title='bbox 1778 3497 1910 3535; x_wconf 91' lang='lat' dir='ltr'><strong>cum</strong></span> <span class='ocrx_word' id='word_1_334' title='bbox 1953 3479 2016 3533; x_wconf 90' lang='lat' dir='ltr'><strong>in</strong></span> <span class='ocrx_word' id='word_1_335' title='bbox 2063 3476 2305 3556; x_wconf 90' lang='lat' dir='ltr'><strong>reliquis</strong></span> <span class='ocrx_word' id='word_1_336' title='bbox 2340 3476 2493 3537; x_wconf 89' lang='lat' dir='ltr'><strong>illud</strong></span> <span class='ocrx_word' id='word_1_337' title='bbox 2527 3479 2716 3537; x_wconf 90' lang='lat' dir='ltr'><strong>solum</strong></span> <span class='ocrx_word' id='word_1_338' title='bbox 2750 3482 2843 3537; x_wconf 91' lang='lat' dir='ltr'><strong>in-</strong></span> 
     </span>
     <span class='ocr_line' id='line_1_37' title="bbox 664 3559 2839 3639; baseline 0.001 -19"><span class='ocrx_word' id='word_1_339' title='bbox 664 3565 955 3634; x_wconf 88' lang='lat' dir='ltr'><strong>veniatur,</strong></span> <span class='ocrx_word' id='word_1_340' title='bbox 1011 3560 1222 3639; x_wconf 90' lang='lat' dir='ltr'><strong>quidni</strong></span> <span class='ocrx_word' id='word_1_341' title='bbox 1272 3560 1383 3619; x_wconf 94' lang='lat' dir='ltr'><strong>hoc</strong></span> <span class='ocrx_word' id='word_1_342' title='bbox 1437 3563 1599 3619; x_wconf 89' lang='lat' dir='ltr'><strong>casui</strong></span> <span class='ocrx_word' id='word_1_343' title='bbox 1643 3559 1742 3619; x_wconf 87' lang='lat' dir='ltr'><strong>vel</strong></span> <span class='ocrx_word' id='word_1_344' title='bbox 1784 3564 2120 3620; x_wconf 88' lang='lat' dir='ltr'><strong>necessitati</strong></span> <span class='ocrx_word' id='word_1_345' title='bbox 2163 3565 2440 3622; x_wconf 89' lang='lat' dir='ltr'><strong>metricae</strong></span> <span class='ocrx_word' id='word_1_346' title='bbox 2492 3563 2839 3635; x_wconf 87' lang='lat' dir='ltr'><strong>tribuamus,</strong></span> 
     </span>
     <span class='ocr_line' id='line_1_38' title="bbox 662 3645 2841 3727; baseline -0.001 -20"><span class='ocrx_word' id='word_1_347' title='bbox 662 3647 906 3727; x_wconf 88' lang='lat' dir='ltr'><strong>quando</strong></span> <span class='ocrx_word' id='word_1_348' title='bbox 942 3666 1158 3722; x_wconf 79' lang='lat' dir='ltr'><strong>semper</strong></span> <span class='ocrx_word' id='word_1_349' title='bbox 1193 3648 1371 3704; x_wconf 87' lang='lat' dir='ltr'><strong>etiam</strong></span> <span class='ocrx_word' id='word_1_350' title='bbox 1407 3649 1849 3723; x_wconf 87' lang='lat' dir='ltr'><strong>epigrammatis</strong></span> <span class='ocrx_word' id='word_1_351' title='bbox 1883 3645 2071 3704; x_wconf 87' lang='lat' dir='ltr'><strong>XCII</strong></span> <span class='ocrx_word' id='word_1_352' title='bbox 2104 3649 2134 3702; x_wconf 92' lang='lat'>1</span> <span class='ocrx_word' id='word_1_353' title='bbox 2167 3656 2226 3706; x_wconf 91' lang='lat' dir='ltr'><strong>et</strong></span> <span class='ocrx_word' id='word_1_354' title='bbox 2262 3646 2377 3706; x_wconf 93' lang='lat' dir='ltr'><strong>CX</strong></span> <span class='ocrx_word' id='word_1_355' title='bbox 2408 3651 2439 3705; x_wconf 95' lang='lat' dir='ltr'><strong>l</strong></span> <span class='ocrx_word' id='word_1_356' title='bbox 2480 3668 2841 3720; x_wconf 89' lang='lat' dir='ltr'><strong>concessum,</strong></span> 
     </span>
     <span class='ocr_line' id='line_1_39' title="bbox 666 3730 2842 3812; baseline 0 -21"><span class='ocrx_word' id='word_1_357' title='bbox 666 3742 982 3812; x_wconf 90' lang='lat' dir='ltr'><strong>utrumque</strong></span> <span class='ocrx_word' id='word_1_358' title='bbox 1042 3739 1238 3790; x_wconf 88' lang='lat' dir='ltr'><strong>autem</strong></span> <span class='ocrx_word' id='word_1_359' title='bbox 1292 3730 1665 3803; x_wconf 87' lang='lat' dir='ltr'><strong>adverbium,</strong></span> <span class='ocrx_word' id='word_1_360' title='bbox 1728 3739 1796 3790; x_wconf 88' lang='lat' dir='ltr'><strong>ut</strong></span> <span class='ocrx_word' id='word_1_361' title='bbox 1854 3733 1980 3809; x_wconf 93' lang='lat' dir='ltr'><strong>ipse</strong></span> <span class='ocrx_word' id='word_1_362' title='bbox 2043 3730 2313 3791; x_wconf 83' lang='lat' dir='ltr'><strong>Suessius</strong></span> <span class='ocrx_word' id='word_1_363' title='bbox 2367 3732 2699 3804; x_wconf 87' lang='lat' dir='ltr'><strong>adnotavit,</strong></span> <span class='ocrx_word' id='word_1_364' title='bbox 2763 3732 2842 3792; x_wconf 90' lang='lat' dir='ltr'><strong>ab</strong></span> 
     </span>
     <span class='ocr_line' id='line_1_40' title="bbox 665 3815 2844 3895; baseline 0 -19"><span class='ocrx_word' id='word_1_365' title='bbox 665 3818 917 3877; x_wconf 89' lang='lat' dir='ltr'><strong>Horatio</strong></span> <span class='ocrx_word' id='word_1_366' title='bbox 953 3819 1018 3875; x_wconf 92' lang='lat' dir='ltr'><strong>in</strong></span> <span class='ocrx_word' id='word_1_367' title='bbox 1063 3815 1267 3875; x_wconf 91' lang='lat' dir='ltr'><strong>eodem</strong></span> <span class='ocrx_word' id='word_1_368' title='bbox 1313 3819 1571 3875; x_wconf 87' lang='lat' dir='ltr'><strong>carmine</strong></span> <span class='ocrx_word' id='word_1_369' title='bbox 1605 3816 1674 3874; x_wconf 95' lang='lat' dir='ltr'><strong>II</strong></span> <span class='ocrx_word' id='word_1_370' title='bbox 1712 3817 1766 3890; x_wconf 89' lang='lat'><strong>9,</strong></span> <span class='ocrx_word' id='word_1_371' title='bbox 1803 3836 1859 3874; x_wconf 91' lang='lat' dir='ltr'><strong>v.</strong></span> <span class='ocrx_word' id='word_1_372' title='bbox 1901 3818 1932 3873; x_wconf 91' lang='lat'>1</span> <span class='ocrx_word' id='word_1_373' title='bbox 1974 3824 2032 3874; x_wconf 89' lang='lat' dir='ltr'><strong>et</strong></span> <span class='ocrx_word' id='word_1_374' title='bbox 2068 3819 2107 3873; x_wconf 88' lang='lat'>4</span> <span class='ocrx_word' id='word_1_375' title='bbox 2147 3820 2475 3895; x_wconf 90' lang='lat' dir='ltr'><strong>promiscue</strong></span> <span class='ocrx_word' id='word_1_376' title='bbox 2509 3818 2844 3877; x_wconf 85' lang='lat' dir='ltr'><strong>adhibitum</strong></span> 
     </span>
     <span class='ocr_line' id='line_1_41' title="bbox 668 3900 2848 3980; baseline 0 -19"><span class='ocrx_word' id='word_1_377' title='bbox 668 3902 785 3961; x_wconf 76' lang='lat' dir='ltr'><strong>sit?</strong></span> <span class='ocrx_word' id='word_1_378' title='bbox 865 3910 1121 3961; x_wconf 88' lang='lat' dir='ltr'><strong>ceterum</strong></span> <span class='ocrx_word' id='word_1_379' title='bbox 1173 3900 1391 3959; x_wconf 89' lang='lat' dir='ltr'><strong>accidit</strong></span> <span class='ocrx_word' id='word_1_380' title='bbox 1451 3900 1749 3960; x_wconf 90' lang='lat' dir='ltr'><strong>interdum</strong></span> <span class='ocrx_word' id='word_1_381' title='bbox 1810 3900 2151 3979; x_wconf 90' lang='lat' dir='ltr'><strong>inprudenti</strong></span> <span class='ocrx_word' id='word_1_382' title='bbox 2205 3902 2439 3961; x_wconf 83' lang='lat' dir='ltr'><strong>Catullo</strong></span> <span class='ocrx_word' id='word_1_383' title='bbox 2491 3910 2557 3962; x_wconf 94' lang='lat' dir='ltr'><strong>ut</strong></span> <span class='ocrx_word' id='word_1_384' title='bbox 2607 3903 2848 3980; x_wconf 83' lang='lat' dir='ltr'><strong>plebeia</strong></span> 
     </span>
     <span class='ocr_line' id='line_1_42' title="bbox 668 3985 2849 4065; baseline 0 -19"><span class='ocrx_word' id='word_1_385' title='bbox 668 3989 846 4047; x_wconf 90' lang='lat' dir='ltr'><strong>etiam</strong></span> <span class='ocrx_word' id='word_1_386' title='bbox 878 3990 945 4045; x_wconf 93' lang='lat' dir='ltr'><strong>in</strong></span> <span class='ocrx_word' id='word_1_387' title='bbox 982 3985 1155 4045; x_wconf 89' lang='lat' dir='ltr'><strong>docta</strong></span> <span class='ocrx_word' id='word_1_388' title='bbox 1187 3992 1461 4065; x_wconf 89' lang='lat' dir='ltr'><strong>poemata</strong></span> <span class='ocrx_word' id='word_1_389' title='bbox 1495 3985 1845 4045; x_wconf 89' lang='lat' dir='ltr'><strong>admitteret.</strong></span> <span class='ocrx_word' id='word_1_390' title='bbox 1901 3988 1984 4045; x_wconf 90' lang='lat' dir='ltr'><strong>sic</strong></span> <span class='ocrx_word' id='word_1_391' title='bbox 2020 3986 2177 4064; x_wconf 89' lang='lat' dir='ltr'><strong>quod</strong></span> <span class='ocrx_word' id='word_1_392' title='bbox 2213 4007 2260 4046; x_wconf 88' lang='lat' dir='ltr'><strong>c.</strong></span> <span class='ocrx_word' id='word_1_393' title='bbox 2289 3987 2500 4047; x_wconf 93' lang='lat' dir='ltr'><strong>LXIV</strong></span> <span class='ocrx_word' id='word_1_394' title='bbox 2532 3988 2652 4045; x_wconf 92' lang='grc'><strong>277</strong></span> <span class='ocrx_word' id='word_1_395' title='bbox 2691 3987 2849 4047; x_wconf 87' lang='lat' dir='ltr'><strong>dixit</strong></span> 
     </span>
     <span class='ocr_line' id='line_1_43' title="bbox 669 4070 2850 4149; baseline 0.001 -19"><span class='ocrx_word' id='word_1_396' title='bbox 669 4074 750 4130; x_wconf 84' lang='lat' dir='ltr'><strong>ad</strong></span> <span class='ocrx_word' id='word_1_397' title='bbox 793 4092 850 4129; x_wconf 83' lang='lat' dir='ltr'><strong>se</strong></span> <span class='ocrx_word' id='word_1_398' title='bbox 894 4072 1247 4128; x_wconf 80' lang='lat' dir='ltr'><strong>discedebant</strong></span> <span class='ocrx_word' id='word_1_399' title='bbox 1290 4091 1395 4148; x_wconf 93' lang='lat' dir='ltr'><strong>pro</strong></span> <span class='ocrx_word' id='word_1_400' title='bbox 1434 4073 1650 4128; x_wconf 84' lang='lat' dir='ltr'><strong>domum</strong></span> <span class='ocrx_word' id='word_1_401' title='bbox 1686 4072 2054 4142; x_wconf 79' lang='lat' dir='ltr'><strong>discedebant,</strong></span> <span class='ocrx_word' id='word_1_402' title='bbox 2109 4071 2174 4129; x_wconf 92' lang='lat' dir='ltr'><strong>id</strong></span> <span class='ocrx_word' id='word_1_403' title='bbox 2216 4072 2528 4131; x_wconf 84' lang='lat' dir='ltr'><strong>manifesto</strong></span> <span class='ocrx_word' id='word_1_404' title='bbox 2565 4070 2641 4131; x_wconf 66' lang='lat' dir='ltr'><strong>eii</strong></span> <span class='ocrx_word' id='word_1_405' title='bbox 2676 4073 2850 4149; x_wconf 88' lang='lat' dir='ltr'><strong>vulgi</strong></span> 
     </span>
     <span class='ocr_line' id='line_1_44' title="bbox 669 4154 2849 4233; baseline 0 -18"><span class='ocrx_word' id='word_1_406' title='bbox 669 4155 1093 4216; x_wconf 88' lang='lat' dir='ltr'><strong>consuetudine</strong></span> <span class='ocrx_word' id='word_1_407' title='bbox 1139 4154 1359 4214; x_wconf 90' lang='lat' dir='ltr'><strong>dictum</strong></span> <span class='ocrx_word' id='word_1_408' title='bbox 1403 4157 1514 4228; x_wconf 67' lang='lat' dir='ltr'><strong>est,</strong></span> <span class='ocrx_word' id='word_1_409' title='bbox 1552 4162 1620 4214; x_wconf 89' lang='grc' dir='ltr'><strong>ιιι</strong></span> <span class='ocrx_word' id='word_1_410' title='bbox 1654 4163 1862 4214; x_wconf 81' lang='lat' dir='ltr'><strong>extant</strong></span> <span class='ocrx_word' id='word_1_411' title='bbox 1907 4154 2125 4214; x_wconf 88' lang='lat' dir='ltr'><strong>similia</strong></span> <span class='ocrx_word' id='word_1_412' title='bbox 2157 4156 2412 4233; x_wconf 88' lang='lat' dir='ltr'><strong>plurima</strong></span> <span class='ocrx_word' id='word_1_413' title='bbox 2446 4158 2512 4216; x_wconf 89' lang='lat' dir='ltr'><strong>in</strong></span> <span class='ocrx_word' id='word_1_414' title='bbox 2544 4158 2849 4217; x_wconf 86' lang='lat' dir='ltr'><strong>Plautinis</strong></span> 
     </span>
     <span class='ocr_line' id='line_1_45' title="bbox 669 4239 2849 4303; baseline 0.001 -3"><span class='ocrx_word' id='word_1_415' title='bbox 669 4242 1000 4301; x_wconf 70' lang='lat' dir='ltr'><strong>comoediis</strong></span> <span class='ocrx_word' id='word_1_416' title='bbox 1055 4240 1260 4301; x_wconf 89' lang='lat' dir='ltr'><strong>eodem</strong></span> <span class='ocrx_word' id='word_1_417' title='bbox 1295 4239 1668 4299; x_wconf 88' lang='lat' dir='ltr'><strong>referendum</strong></span> <span class='ocrx_word' id='word_1_418' title='bbox 1705 4240 1973 4300; x_wconf 89' lang='lat' dir='ltr'><strong>ducimus</strong></span> <span class='ocrx_word' id='word_1_419' title='bbox 2009 4244 2234 4299; x_wconf 76' lang='lat' dir='ltr'><strong>volturii</strong></span> <span class='ocrx_word' id='word_1_420' title='bbox 2267 4261 2482 4301; x_wconf 91' lang='lat' dir='ltr'><strong>nomen</strong></span> <span class='ocrx_word' id='word_1_421' title='bbox 2516 4244 2582 4301; x_wconf 90' lang='lat' dir='ltr'><strong>in</strong></span> <span class='ocrx_word' id='word_1_422' title='bbox 2616 4242 2849 4303; x_wconf 88' lang='lat' dir='ltr'><strong>heredi·</strong></span> 
     </span>
    </p>
   </div>
  </div>
 </body>
</html>
