3225 5171
764 473 1001 518 LXXVIII
1631 473 2084 516 PROLEGOMENA

769 592 1095 672 spondeum
1139 591 1366 671 aliquot
1408 592 1551 651 locis
1595 611 1778 671 prave
1825 591 2209 651 coniectando
2252 612 2290 650 a
2332 600 2517 653 semet
2558 592 2810 652 inlatum
2845 591 2944 653 de-

769 678 1001 737 fensum
1035 678 1146 735 ivit
1177 708 1279 749 —,
1327 696 1459 734 cum
1495 676 1845 736 Theocritus
1888 679 1952 735 in
1996 679 2179 755 epigr.
2217 677 2380 736 XXI
2412 685 2679 738 veterum
2723 677 2945 737 iambo-

772 763 1130 841 graphorum
1179 761 1481 820 licentiam
1531 764 1786 821 retinere
1836 761 2126 821 maluerit.
2198 761 2301 822 sed
2352 765 2416 821 in
2462 781 2531 822 eo
2575 763 2943 841 Hipponacti

769 850 960 924 magis
1012 866 1190 925 quam
1244 844 1609 905 Callimacho
1665 865 1727 906 se
1780 846 2102 924 adplicavit
2152 857 2329 924 poeta
2371 848 2730 907 Veronensis
2784 847 2944 927 quod

772 932 1118 992 choliambis
1161 939 1408 990 naturae
1452 931 1629 990 huius
1670 934 1842 991 metri
1887 933 2305 990 convenienter
2346 930 2472 992 fere
2513 952 2635 991 non
2671 940 2761 991 est
2801 952 2945 992 usus

770 1020 888 1076 nisi
931 1017 1035 1076 ubi
1077 1016 1233 1075 male
1278 1015 1513 1076 dicendi
1560 1023 1665 1074 aut
1706 1015 2029 1075 cavillandi
2083 1017 2393 1075 consilium
2437 1025 2604 1077 esset.
2688 1037 2812 1096 qua
2863 1018 2941 1077 ab

770 1122 979 1161 norma
1030 1122 1213 1160 unum
1265 1101 1489 1161 recedit
1540 1122 1586 1160 c.
1633 1100 1874 1173 XXXI,
1929 1122 2068 1159 nam
2118 1103 2183 1160 in
2237 1120 2284 1162 c.
2322 1102 2481 1161 VIII
2534 1101 2740 1162 saltem
2791 1101 2945 1161 levis

772 1187 1063 1266 quaedam
1107 1185 1431 1244 ludificatio
1477 1186 1690 1245 subest.
1759 1194 1942 1245 restat
1984 1194 2049 1244 ut
2082 1185 2180 1245 hic
2215 1206 2449 1266 quoque
2483 1206 2762 1246 versuum
2795 1193 2945 1246 toto-

769 1293 900 1330 rum
943 1274 1008 1330 in
1051 1270 1262 1330 iambis
1307 1270 1936 1349 hendecasyllabisque
1988 1273 2368 1349 repetitorum
2422 1272 2737 1331 artificium
2789 1291 2943 1331 com-

769 1375 1175 1428 memoremuS,
1213 1354 1373 1435 quod
1407 1358 1525 1413 iam
1553 1375 1730 1433 supra
1756 1376 1878 1414 non
1912 1356 2360 1434 inprobabiliter
2394 1356 2472 1415 ad
2499 1364 2765 1416 veterum
2799 1357 2944 1415 iam·

769 1441 1206 1518 bographorum
1243 1439 1580 1518 exemplum
1614 1459 1922 1499 revocasse
1955 1441 2127 1500 nobis
2160 1440 2446 1500 videmur.

902 1526 1145 1585 Graecis
1190 1524 1399 1583 studiis
1436 1523 1659 1584 Catulli
1701 1528 1766 1583 in
1810 1545 1928 1584 uno
1974 1522 2304 1603 conspectu'
2333 1528 2538 1605 positis
2583 1546 2694 1607 par
2731 1532 2825 1586 est
2868 1526 2944 1586 de

770 1611 971 1670 indole
1024 1613 1149 1668 eius
1202 1617 1379 1688 atque
1430 1612 1672 1686 ingenio
1718 1612 1951 1689 exponi.
2022 1630 2139 1689 qua
2181 1619 2381 1670 tamen
2423 1614 2489 1670 in
2543 1610 2944 1690 disputatione

768 1695 909 1754 licet
960 1694 1131 1754 nobis
1183 1694 1550 1754 brevioribus
1603 1714 1745 1766 esse,
1802 1697 2080 1773 quoniam
2133 1698 2273 1754 satis
2315 1696 2491 1774 plene
2537 1706 2715 1775 supra
2754 1699 2943 1755 vitam

769 1788 978 1859 poetae
1015 1800 1089 1840 ex
1123 1781 1269 1858 ipsis
1305 1780 1663 1838 carminibus
1697 1779 1959 1839 refictam
1995 1778 2455 1839 inlustravimuS.
2526 1781 2686 1860 quod
2721 1788 2790 1839 ut
2813 1781 2944 1845 fieri

772 1867 1010 1924 omnino
1054 1866 1328 1943 potuerit,
1375 1866 1500 1923 eius
1544 1867 1632 1923 rei
1677 1884 1855 1923 causa
1897 1870 2022 1924 tota
2065 1867 2128 1922 in
2172 1873 2385 1924 natura
2421 1865 2643 1925 Catulli
2688 1868 2803 1925 sita
2837 1872 2942 1924 est.

771 1945 988 2010 etenim
1023 1950 1122 2008 hic
1154 1957 1346 2027 poeta,
1383 1951 1434 2008 si
1467 1969 1660 2027 pauca
1695 1952 1956 2008 carmina
1990 1951 2213 2008 maiora
2249 1958 2306 2009 et
2342 1950 2602 2010 doctiora
2635 1953 2942 2023 mittimus,

769 2035 921 2094 nihil
972 2035 1097 2095 fere
1148 2034 1415 2094 versibus
1466 2033 1777 2092 mandavit
1825 2037 1941 2092 nisi
1994 2034 2152 2112 quod
2203 2037 2329 2113 ipse
2370 2038 2435 2094 in
2481 2037 2603 2094 vita
2645 2034 2798 2093 vidit
2841 2043 2944 2093 aut

771 2129 1048 2199 expertus
1085 2126 1187 2192 est,
1234 2121 1545 2198 variosque
1588 2126 1782 2177 motus
1827 2131 1962 2177 suos
2006 2121 2090 2178 sic
2127 2121 2415 2198 expressit
2448 2128 2516 2179 ιιι
2559 2121 2942 2179 certissimam

770 2208 955 2264 animi
990 2207 1080 2264 sui
1127 2206 1447 2281 imaginem
1481 2210 1784 2284 tamquam
1820 2203 2085 2262 tabulam
2120 2205 2185 2262 in
2221 2204 2379 2264 claro
2414 2204 2638 2264 lumine
2674 2204 2943 2264 conloca-

768 2297 892 2348 tam
937 2291 1184 2368 posteris
1226 2289 1545 2367 reliquerit.
1627 2296 1805 2369 atque
1848 2292 1912 2349 in
1956 2289 2068 2348 hac
2112 2288 2428 2348 affectuum
2461 2292 2712 2349 veritate
2747 2291 2944 2366 gravi·

768 2382 1008 2453 tateque
1052 2394 1281 2432 summa
1324 2377 1450 2432 eius
1494 2377 1685 2451 posita
1730 2381 1819 2433 est
1861 2376 2049 2433 virtus
2093 2376 2337 2453 poetica„
2419 2376 2514 2432 cui
2557 2374 2812 2433 finitima
2854 2381 2943 2434 est

768 2461 919 2517 mira
946 2457 1234 2537 quaedam
1261 2458 1625 2536 simplicitas,
1653 2478 1806 2537 quae
1841 2479 1975 2517 cum
1996 2479 2191 2518 carere
2217 2467 2339 2518 arte
2365 2459 2655 2534 videatur,
2681 2478 2943 2519 summae

770 2545 912 2603 artis
949 2546 1185 2621 signum
1221 2550 1323 2603 est.
1413 2541 1685 2603 Catullus
1720 2545 1877 2603 enim
1923 2563 2097 2604 omne
2142 2543 2625 2604 declamatorium
2658 2563 2941 2625 respuens

771 2633 1031 2706 cogitata
1080 2631 1292 2687 mentis
1347 2630 1473 2687 sine
1533 2628 1670 2687 fuco
1724 2637 1901 2708 atque
1953 2630 2149 2688 verbis
2209 2634 2467 2690 maxime
2521 2632 2806 2709 cuiusque
2855 2631 2941 2690 rei

770 2717 1020 2793 propriis
1057 2713 1224 2773 effert
1255 2731 1368 2772 nec
1404 2712 1730 2772 doctrinam
1766 2713 2038 2786 admittit,
2076 2717 2125 2773 si
2162 2716 2236 2774 ab
2273 2718 2358 2774 eis
2394 2715 2749 2774 carminibus
2783 2734 2942 2776 rece-

771 2799 964 2858 dimus
1000 2802 1065 2857 in
1100 2798 1316 2878 quibus
1349 2796 1779 2857 Alexandrinis
1812 2800 2081 2876 vestigiis
2109 2802 2439 2860 accuratius
2473 2799 2805 2877 ingreditur
2839 2808 2945 2858 aut

768 2905 875 2964 per
916 2884 1121 2943 ludum
1165 2886 1478 2963 iocumque
1519 2884 1912 2943 reconditiora
1957 2884 2267 2958 admiscet,
2317 2891 2386 2944 ut
2418 2887 2483 2944 in
2519 2906 2567 2947 c.
2603 2885 2729 2945 LV.
2801 2905 2941 2943 nam

769 2971 1089 3030 festivitate
1136 2989 1370 3049 quoque
1404 2975 1463 3028 et
1504 2969 1706 3048 lepore
1740 2971 1990 3045 insignis
2025 2977 2129 3029 est.
2209 2970 2302 3029 his
2335 2970 2652 3030 virtutibus
2687 2970 2946 3029 efficitur

768 3063 835 3113 ut
879 3056 1141 3114 earmina
1186 3056 1311 3113 eius
1357 3053 1592 3113 assidue
1637 3074 1745 3113 nos
1789 3062 2046 3114 teneant.
2135 3057 2355 3134 quippe
2389 3056 2527 3114 talis
2563 3058 2755 3134 poesis
2790 3054 2942 3114 nulli

768 3161 891 3199 non
926 3139 1160 3199 saeculo
1196 3140 1488 3215 convenit,
1541 3146 1607 3197 ut
1643 3146 1839 3199 autem
1868 3159 2019 3218 quae
2056 3140 2411 3216 generaliter
2444 3140 2702 3199 diximus
2736 3142 2944 3218 paucis

771 3224 1056 3302 exemplis
1101 3223 1529 3295 confirmemuS,
1576 3225 1707 3301 quis
1751 3225 1979 3282 itineris
2024 3223 2283 3284 faciendi
2327 3224 2710 3304 cupiditatem
2746 3227 2944 3285 verius

767 3307 968 3367 verbis
1001 3307 1316 3367 inlustrare
1350 3309 1534 3385 possit
1571 3328 1749 3386 quam
1779 3307 2067 3382 CatulluS,
2105 3329 2240 3369 cum
2276 3312 2359 3369 ait
2394 3310 2540 3368 ‘iam
2573 3328 2741 3370 mens
2778 3329 2945 3388 prae-

767 3391 1072 3472 trepidans
1118 3398 1255 3451 avet
1296 3394 1524 3469 vagari,
1567 3393 1701 3451 Iam
1743 3392 1887 3453 laeti
1929 3394 2123 3452 studio
2168 3394 2347 3472 pedes
2390 3393 2773 3472 vigescunt’?
2842 3404 2948 3453 aut

770 3481 903 3558 quis
929 3478 1293 3556 voluptatem
1319 3476 1485 3535 illam
1511 3497 1689 3556 quam
1717 3496 1752 3537 e
1785 3477 1968 3555 longa
2001 3482 2477 3557 peregrinatione
2505 3479 2745 3538 domum
2770 3478 2947 3539 modo

767 3564 989 3623 reversi
1040 3565 1342 3642 percipere
1403 3562 1656 3621 solemus
1717 3566 1933 3623 rectius
1987 3564 2464 3644 commodiusque
2516 3564 2714 3643 eloqui
2766 3584 2947 3644 quam

768 3648 1038 3708 versibus
1073 3647 1233 3707 hisce
1281 3647 1341 3706 ‘o
1377 3647 1524 3726 quid
1559 3647 1765 3707 solutis
1801 3655 1889 3708 est
1921 3648 2151 3709 beatius
2189 3652 2359 3723 curis,
2408 3648 2559 3709 Cum
2593 3668 2761 3709 mens
2795 3668 2946 3708 onus

768 3736 1017 3812 reponit,
1074 3754 1144 3791 ac
1187 3735 1499 3810 peregrino
1542 3732 1778 3792 Labore
1832 3732 1972 3792 fessi
2016 3735 2288 3793 venimus
2330 3734 2514 3794 larem
2559 3733 2637 3792 ad
2681 3741 2948 3793 nostrum

768 3818 1241 3896 Desideratoque
1294 3816 1731 3896 adquiescimus
1784 3816 2005 3878 lecto’?
2057 3838 2211 3898 quae
2261 3819 2500 3898 quidem
2551 3818 2737 3878 verba
2778 3818 2947 3891 mihi,

771 3924 904 3962 cum
941 3911 1078 3962 ante
1115 3902 1342 3981 aliquot
1370 3923 1559 3962 annos
1586 3921 1620 3962 e
1652 3900 1905 3963 Graecia
1938 3902 2239 3976 redissem,
2276 3906 2482 3983 primis
2515 3903 2724 3963 diebus
2760 3921 2949 3983 usque

762 3988 1083 4047 ¹obversata
1135 3995 1273 4047 sunt
1323 3995 1528 4065 utpote
1578 3990 1819 4066 proprio
1863 3990 2064 4049 sensui
2105 3988 2283 4066 plane
2325 3987 2763 4066 respondentia.
2833 3989 2952 4047 hac

769 4073 999 4132 ratione
1028 4071 1296 4131 Catullus
1332 4074 1488 4131 inter
1513 4071 1762 4131 Latinos
1797 4080 2001 4150 poetas
2037 4072 2150 4132 sibi
2186 4092 2388 4151 parem
2421 4073 2601 4133 habet
2632 4074 2949 4132 neminem.

771 4157 929 4236 quod
965 4177 1144 4237 quam
1171 4175 1309 4216 vere
1337 4156 1562 4215 dictum
1597 4158 1675 4215 sit
1701 4160 1921 4236 optime
1951 4176 2025 4217 ex
2061 4159 2146 4217 eis
2182 4159 2541 4218 carminibus
2577 4159 2955 4235 cognoscitur

767 4261 925 4322 quae
958 4250 1198 4321 propter
1232 4249 1712 4320 argumentorum
1748 4241 2195 4302 similitudinem
2233 4264 2366 4302 cum
2402 4243 2651 4303 aliorum
2678 4244 2953 4302 carmini-
