3225 5171
1252 466 1483 520 LIBER

687 610 801 654 vos
836 586 984 651 hinc
1019 587 1258 653 interea
1291 589 1498 653 valete
1534 587 1705 653 abite

688 683 838 746 illuc
873 682 1042 747 unde
1056 684 1580 768 *QQJJRmJPflde
1617 681 1932 759 attulistis,

686 775 880 841 saecli
914 776 1332 852 incommoda,
1371 775 1629 861 pessimi
1664 788 1909 862 poetae.

860 903 864 912 ι
966 897 987 912 s.
1102 898 1125 912 ππ

856 913 861 924 s
946 915 963 934 .'
994 925 1052 952 Aa}
1076 917 1081 922 .
1112 909 1127 929 δῖ

1046 954 1055 961 ,

1030 963 1057 1056 ,Ξ
1180 981 1217 1055 (-

1196 1051 1197 1054 ¹
1256 1064 1486 1129 X1V⁸.

686 1182 762 1249 Si
799 1182 910 1267 qui
945 1181 1108 1247 forte
1143 1205 1427 1247 mearum
1462 1182 1840 1267 ineptiarum

687 1277 955 1342 lectores
991 1276 1160 1342 eritis
1197 1298 1546 1360 manusque
1583 1289 1824 1341 vestras

687 1393 816 1435 non
849 1370 1184 1435 horrebitis
1221 1371 1558 1435 admovere
1593 1370 1799 1447 nobie,

686 1509 1770 1529 00000000000

1292 1742 1449 1811 XV.

687 1861 1085 1928 Commendo
1121 1863 1237 1927 tibi
1270 1886 1375 1927 me
1413 1884 1487 1927 ac
1520 1886 1697 1927 meos
1736 1884 2001 1940 amores,

689 1956 933 2021 Aureli.
1006 1956 1257 2021 veniam
1292 1966 1438 2041 peto
1474 1957 1839 2041 pudentem,

689 2062 779 2127 ut,
817 2050 870 2114 si
905 2050 1249 2134 quicquam
1285 2051 1494 2113 animo
1531 2060 1640 2113 tuo
1679 2049 1926 2133 cupisti,

686 2140 861 2227 quod
897 2154 1140 2208 castum
1176 2154 1502 2227 expeteres
1539 2154 1603 2207 et
1635 2142 2028 2226 integellum,

688 2259 1022 2302 conserves
1059 2258 1325 2321 puerum
1362 2236 1516 2298 mihi
1549 2236 1799 2321 pudice.

689 2346 817 2393 non
853 2331 994 2395 dico
1030 2354 1069 2393 a
1103 2329 1367 2415 populo:
1405 2329 1560 2393 nihil
1596 2352 1889 2394 veremur

687 2425 843 2487 istos
871 2424 982 2506 qui
1008 2424 1073 2487 in
1101 2424 1311 2508 platea
1339 2423 1528 2487 modo
1555 2423 1683 2487 huc
1709 2422 1897 2486 modo
1923 2423 2073 2488 illuc

690 2517 753 2580 in
791 2540 857 2581 re
894 2526 1296 2603 praetereunt
1332 2539 1447 2580 sua
1482 2517 1801 2602 occupati:

689 2624 911 2676 verum
947 2635 987 2675 a
1021 2622 1082 2676 te
1118 2623 1330 2676 metuo
1368 2623 1604 2695 tuoque
1641 2635 1801 2697 pene

689 2704 919 2770 infesto
954 2705 1166 2790 pueris
1203 2706 1384 2768 bonis
1421 2706 1748 2788 malisque.

690 2820 879 2883 quem
916 2809 986 2862 tu
1023 2822 1153 2882 qua
1188 2798 1386 2876 lubet,
1421 2808 1494 2862 ut
1527 2795 1725 2872 lubet,
1762 2807 2012 2862 moveto

688 2903 995 2974 quantum
1035 2892 1151 2967 vis,
1188 2893 1300 2956 ubi
1338 2892 1455 2956 erit
1489 2890 1644 2956 foris
1681 2904 2001 2975 paratum:

691 2984 862 3048 hunc
898 3009 1094 3049 unum
1134 2985 1401 3070 excipi0,
1439 2995 1511 3047 ut
1546 2995 1720 3069 puto,
1760 2984 2088 3069 pudenter.

693 3080 864 3159 quod
899 3078 953 3141 si
989 3090 1050 3142 te
1085 3080 1255 3143 mala
1289 3100 1467 3142 mens
1503 3077 1805 3160 furorque
1842 3100 2063 3144 vecors

691 3171 758 3234 in
794 3181 1034 3235 tantam
1067 3172 1385 3256 inpulerit,
1424 3172 1705 3247 sceleste,
1743 3173 2017 3256 culpam,
2049 3196 2052 3197 ⁷

691 3275 765 3331 ut
799 3275 1082 3329 nostrum
1117 3265 1358 3329 insidiis
1396 3275 1587 3350 caput
1623 3266 1916 3342 lacessas,

692 3375 733 3421 a
766 3367 901 3421 tum
938 3370 998 3422 te
1036 3360 1334 3423 miserum
1371 3359 1648 3441 malique
1683 3358 1815 3433 fati,

690 3472 882 3534 quem
919 3454 1195 3516 attractis
1229 3453 1496 3536 pedibus
1532 3462 1787 3537 patente
1824 3462 2005 3537 porta

694 3558 1062 3630 percurrent
1096 3547 1486 3631 raphanique
1522 3545 1936 3632 mugilesque.
2010 3612 2018 3621 ,

1274 3834 1467 3901 XVI.

692 3952 1016 4018 Pedicabo
1053 3976 1173 4038 ego
1212 3975 1322 4017 vos
1358 3966 1421 4018 et
1454 3955 1807 4030 inrumabO,

695 4047 918 4112 Aureli
955 4048 1205 4132 pathice
1242 4061 1305 4110 et
1341 4047 1600 4112 cinaede
1636 4047 1815 4135 Furi,

695 4141 804 4224 qui
840 4164 940 4204 me
977 4164 1055 4204 ex
1091 4140 1415 4205 versiculis
1451 4141 1606 4206 meis
1644 4141 1932 4226 putastis,

694 4234 865 4316 quod
901 4245 1048 4298 sunt.
1080 4234 1400 4313 molliculi,
1437 4258 1660 4320 parum
1696 4226 2020 4320 pudicum.

2288 447 2391 525 ..11

2425 2725 2500 2792 ‘10

2417 3168 2500 3253 '15
