3225 5171
642 487 793 532 vxv1
1414 485 1770 529 ADNOTATIO
1815 485 2062 528 ORITIOA

653 605 758 682 (M.
788 602 1100 681 Claudius)
1130 603 1417 664 Sacerdos
1453 612 1559 663 art.
1595 625 1841 682 gramm.
1872 605 1922 676 I,
1959 625 2016 682 p.
2046 604 2234 662 461·s.
2262 604 2342 663 K.
2378 606 2536 666 inter
2567 607 2831 665 asteismi

649 711 759 771 per
793 689 1236 750 similitudinem
1272 690 1544 768 exempla
1578 689 1774 749 adfert
1808 690 2179 768 explicatque
2212 689 2324 748 hoc
2357 689 2560 749 modo:
2599 701 2649 749 et
2684 692 2831 749 illud

652 779 722 835 de
761 778 1044 851 PompeiO,
1099 779 1195 850 qui
1239 777 1439 833 coloris
1484 784 1606 833 erat
1649 776 1823 847 rubei,
1871 777 1972 832 sed
2019 776 2189 832 animi
2219 777 2592 848 inverecundi,
2640 776 2829 851 ‘quem

650 881 762 919 non
787 862 968 938 pudet
1002 869 1054 918 et
1087 863 1265 932 rubet,
1302 880 1411 916 non
1447 869 1530 918 est
1559 860 1737 932 homo,
1774 861 1876 917 sed
1916 862 2124 935 ropio’.
2204 861 2363 936 ropio
2398 870 2579 918 autem
2611 871 2695 919 est
2729 870 2829 919 aut

652 949 877 1005 minium
928 955 1026 1003 aut
1070 947 1250 1022 piscis
1302 946 1501 1003 robeus
1545 955 1645 1003 aut
1681 948 1866 1022 penis.
1946 943 2099 1003 conf.
2146 943 2221 1003 de
2264 944 2375 1003 hoc
2418 958 2595 1004 versu
2638 944 2829 1025 deque

652 1050 805 1091 voce
861 1032 1122 1107 ropionis
1175 1028 1477 1108 Hauptius
1532 1049 1727 1108 opusc.
1781 1029 1884 1088 III
1936 1029 2057 1087 325
2123 1035 2183 1088 et
2230 1029 2626 1088 Buechelerus
2678 1049 2827 1089 mus.

654 1116 845 1176 Rhen.
881 1115 1132 1175 XXXV
1169 1116 1290 1173 399
1314 1135 1356 1172 s,
1403 1116 1467 1172 in
1512 1114 1800 1193 producta
1844 1134 1881 1172 a
1916 1113 2150 1174 Catullo
2196 1113 2429 1192 syllaba
2472 1117 2663 1193 prima
2707 1134 2829 1174 non

654 1200 912 1260 offendet
965 1202 1068 1279 qui
1109 1199 1482 1258 Lachmanni
1533 1199 1612 1257 ad
1653 1199 1826 1258 Lucr.
1872 1199 1906 1257 I
1954 1199 2078 1257 360
2130 1197 2588 1277 disputationem
2643 1201 2825 1258 novit.

654 1295 911 1345 ceterum
943 1304 1144 1343 mucro
1178 1286 1266 1343 rei
1291 1305 1500 1363 parum
1526 1283 1719 1342 adhuc
1752 1291 2108 1362 perspectae.
2177 1286 2455 1342 nimirum
2490 1291 2665 1362 poeta
2698 1301 2830 1344 ver·

651 1372 746 1431 bis
797 1390 1032 1445 namque
1072 1400 1157 1410 —·
1203 1371 1442 1426 scribam
1501 1389 1618 1448 quo
1671 1369 1847 1427 modo
1897 1370 2342 1428 irrumationem
2400 1388 2579 1448 quam
2628 1375 2831 1428 tantae

653 1455 934 1514 rivalium
984 1453 1349 1514 multitudini
1398 1455 1657 1513 minatus
1711 1461 1798 1514 est
1849 1453 2158 1512 effecturus
2206 1455 2282 1511 sit
2325 1452 2610 1512 declarat:
2666 1453 2832 1512 ‘licet

652 1550 890 1599 centum
942 1557 1020 1597 an
1073 1538 1314 1597 ducenti
1366 1541 1510 1610 sitis,
1567 1558 1771 1598 omnes
1815 1559 1937 1596 una
1978 1539 2275 1597 irrumabo
2320 1557 2390 1597 eo
2436 1545 2503 1596 ut
2547 1558 2831 1614 magnum

652 1643 961 1684 numerum
1031 1624 1417 1683 obscenarum
1486 1624 1808 1701 figurarum
1878 1624 1944 1682 in
2003 1623 2196 1682 fronte
2255 1624 2537 1683 tabernae
2596 1631 2832 1683 vestrae

651 1709 1020 1787 adpingam’.
1102 1715 1258 1767 errat
1309 1715 1508 1767 autem
1557 1716 1760 1786 aperte
1809 1708 2109 1782 Hertzius,
2163 1711 2268 1787 qui
2322 1708 2570 1767 eandem
2621 1727 2831 1767 vocem

651 1795 934 1853 Petronio
979 1812 1215 1872 quoque
1259 1800 1364 1851 sat.
1404 1794 1484 1850 22
1520 1795 1667 1866 init.,
1712 1793 1819 1853 ubi
1863 1795 2223 1868 sopitionibus
2270 1795 2335 1851 in
2376 1793 2542 1852 libris
2587 1800 2690 1866 est,
2739 1811 2833 1854 re-

656 1878 1035 1951 stituendam,
1091 1880 1281 1955 mag-is
1333 1897 1473 1937 vero
1527 1879 1708 1937 etiam
1760 1878 1831 1936 F.
1878 1877 2225 1950 SchoelliuS,
2280 1881 2385 1958 qui
2438 1899 2573 1938 ann.
2624 1877 2831 1958 philol.

654 1964 868 2024 CXXI
887 1963 1030 2035 488,
1067 1984 1123 2022 n.
1147 1964 1228 2022 30
1264 1969 1324 2022 et
1359 1964 1480 2021 495
1502 1983 1546 2022 s,
1591 1983 1793 2023 veram
1838 1966 1966 2021 eius
2009 1963 2256 2021 formam
2292 1966 2469 2040 sopi0,
2515 1983 2637 2022 non
2671 1965 2832 2040 ropio

654 2068 781 2109 esse
817 2050 1109 2126 opinatur.

781 2134 1070 2192 XXXIX
1107 2135 1180 2191 11
1213 2136 1446 2210 pinquis
1481 2132 1712 2210 glossae
1737 2132 2065 2192 Vaticanae
2093 2134 2156 2191 in
2185 2133 2332 2191 Maii
2359 2132 2581 2192 classic.
2610 2139 2831 2192 auctor.

653 2217 780 2278 VH
800 2219 924 2276 574
953 2216 1131 2293 (conf.
1159 2218 1397 2277 Persius
1430 2217 1533 2277 III
1556 2219 1637 2276 74
1666 2219 1967 2293 pinquibus
1999 2213 2267 2293 Umbris).
2329 2236 2547 2293 parcus
2571 2217 2632 2277 V
2658 2218 2830 2291 male,

655 2321 850 2382 neque
911 2304 1069 2361 enim
1130 2301 1375 2361 dubium
1440 2305 1587 2382 quin
1636 2302 1865 2362 Umber
1914 2322 2172 2383 quoque,
2234 2305 2385 2362 sicut
2434 2302 2720 2363 Etruscus
2774 2310 2835 2362 et

653 2388 1026 2459 Lanuvinus,
1081 2387 1337 2464 epitheto
1390 2387 1464 2447 de
1516 2406 1759 2466 corpore
1811 2395 2039 2467 sumpto
2092 2395 2328 2446 notatus
2370 2386 2565 2446 fuerit.
2640 2390 2834 2462 fartus

653 2468 935 2545 Venator,
972 2490 1148 2550 quem
1180 2472 1482 2551 Hauptius
1517 2479 1750 2531 secutus
1778 2482 1883 2531 est.
1954 2471 2058 2532 sed
2084 2473 2198 2531 hoc
2221 2472 2464 2552 reliquis
2492 2474 2834 2533 commentis

657 2559 765 2617 vix
799 2555 1179 2635 probabilius,

783 2642 901 2701 XL
939 2642 974 2699 5
1013 2643 1182 2701 uncis
1231 2640 1446 2699 inclusi
1496 2649 1564 2700 ut
1605 2642 2018 2701 adulterinum.
2099 2662 2238 2701 nam
2289 2644 2475 2703 verba
2525 2644 2663 2718 quid
2703 2644 2788 2701 vis
2803 2634 2836 2701 ,9

654 2749 791 2787 cum
835 2730 1054 2806 optime
1105 2728 1522 2787 continuentur
1573 2726 1801 2787 duabus
1843 2728 2404 2803 interrogationibus
2447 2747 2485 2786 a
2527 2746 2585 2787 v.
2624 2729 2656 2785 1
2698 2736 2757 2787 et
2791 2728 2830 2787 3

656 2812 1100 2892 incipientibuS,
1156 2830 1388 2871 omnem
1440 2813 1721 2870 amittunt
1762 2815 1886 2870 vim
1937 2831 2114 2871 versu
2158 2812 2195 2870 5
2242 2814 2611 2891 interposito,
2664 2815 2835 2892 isque

656 2901 786 2977 ipse
829 2916 942 2957 nec
984 2897 1139 2957 bene
1183 2897 1456 2956 cohaeret
1500 2916 1634 2956 cum
1677 2916 2023 2975 praegressa
2068 2899 2333 2957 oratione
2376 2905 2436 2957 et
2479 2899 2834 2957 sententiam

658 2983 858 3043 verbis
911 3003 1023 3058 qua
1083 2984 1228 3041 lubet
1280 3013 1364 3023 —
1416 2991 1583 3057 optas
1597 2974 1629 3039 ,9
1680 3001 2017 3060 expressam
2066 2990 2476 3061 praeoccupat.
2574 2990 2836 3042 ceterum

659 3066 891 3127 codices
943 3074 1147 3126 contra
1197 3074 1448 3125 metrum
1493 3088 1568 3124 an
1609 3077 1673 3125 ut
1715 3071 2107 3144 perveniamus
2152 3069 2211 3125 in
2255 3087 2304 3125 o.
2342 3088 2395 3125 v.
2467 3068 2666 3146 itaque
2710 3088 2834 3127 non

658 3152 867 3210 dubito
927 3154 1074 3232 quin
1122 3152 1270 3211 haec
1320 3151 1519 3225 verba,
1582 3172 1718 3211 cum
1768 3155 2039 3230 primitus
2091 3151 2170 3211 ad
2210 3173 2267 3213 v.
2318 3154 2353 3211 6
2407 3151 2837 3233 interpretandi

657 3256 841 3296 causa
892 3236 1190 3314 adscripta
1231 3236 1494 3308 fuissent,
1547 3246 1754 3315 postea
1801 3256 1910 3317 per
1951 3256 2205 3297 errorem
2245 3240 2312 3296 in
2362 3240 2554 3316 ipsum
2596 3257 2836 3297 carmen

660 3322 1016 3399 irrepserint.

787 3405 973 3464 XLII
1009 3406 1087 3463 13
1129 3406 1269 3478 facit
1311 3405 1533 3483 scripsi,
1586 3405 1748 3486 quod
1798 3415 1933 3485 post
1974 3408 2101 3467 vidi
2150 3409 2270 3465 iam
2325 3407 2400 3466 ab
2448 3405 2836 3467 Halbertsma

657 3493 969 3550 inventum
1002 3509 1129 3550 esse
1163 3507 1573 3569 mnemosynes
1610 3512 1668 3551 n.
1707 3511 1751 3550 s,
1787 3493 1845 3553 V
1882 3494 2022 3553 335.
2083 3495 2231 3565 facis
2266 3491 2496 3552 codices
2532 3500 2593 3552 et
2628 3491 2836 3552 editio·

661 3594 767 3635 nes
801 3595 1018 3636 omnes.
1095 3583 1157 3634 at
1189 3575 1450 3655 puellam
1484 3596 1605 3634 non
1642 3575 1717 3634 ab
1751 3579 1879 3656 ipso
1914 3585 2090 3656 poeta
2117 3577 2438 3656 conpellari
2476 3597 2609 3636 cum
2643 3598 2698 3636 v.
2731 3580 2832 3652 21,

658 3669 787 3719 tum
837 3664 989 3720 ratio
1049 3662 1229 3721 totius
1291 3663 1565 3720 carminis
1627 3660 2003 3721 demonstrat.
2091 3661 2620 3741 hendecasyllabos
2673 3664 2835 3723 enim

660 3766 796 3805 suos
847 3754 1148 3826 tamquam
1198 3748 1496 3805 ministros
1547 3745 1705 3805 foras
1759 3750 1942 3806 mittit
1993 3746 2279 3821 Catullus,
2333 3755 2400 3805 ut
2449 3767 2555 3826 pro
2602 3766 2663 3807 se
2706 3767 2833 3808 rem

658 3838 886 3908 gerant,
933 3850 1164 3911 eosque,
1209 3839 1520 3911 postquam
1563 3835 1819 3909 primum
1861 3834 2145 3911 impetum
2188 3853 2309 3891 non
2354 3836 2701 3891 successisse
2743 3835 2834 3891 in-

658 3915 905 3989 tellexit,
953 3915 1030 3974 ad
1071 3936 1292 3975 novum
1334 3915 1696 3977 adhortatur.
1784 3912 1958 3976 lectio
2002 3916 2302 3988 librorum,
2355 3938 2475 3997 qua
2517 3916 2832 3977 manifesto

658 4001 929 4059 turbatur
955 4003 1260 4079 egregium
1292 4021 1519 4079 poema,
1557 4001 1721 4062 facili
1761 4019 1953 4062 errore
1982 4019 2056 4061 ex
2081 4004 2441 4081 praegressis
2467 4004 2833 4081 imperativis

654 4083 798 4144 oriri
847 4087 1054 4163 potuit,
1108 4086 1596 4166 quemadmodum
1647 4107 1701 4145 v.
1743 4088 1823 4144 14
1876 4106 2109 4167 quoque
2160 4089 2224 4147 in
2269 4089 2326 4147 V
2366 4087 2518 4146 falso
2571 4086 2834 4147 secunda

657 4169 910 4249 persona
951 4171 1121 4229 verbi
1163 4191 1268 4250 pro
1305 4174 1479 4231 tertia
1521 4175 1717 4250 posita
1753 4181 1855 4232 est.
1927 4181 2109 4231 restat
2141 4181 2209 4231 ut
2245 4175 2422 4232 etiam
2461 4192 2668 4232 sonum
2702 4191 2837 4253 per·

651 4276 835 4335 quam
869 4257 1166 4334 ingratum
1201 4255 1612 4318 emendatione
1649 4277 1686 4317 a
1718 4276 1815 4319 me
1845 4265 2081 4338 recepta
2115 4258 2246 4317 tolli
2283 4258 2491 4318 dicam.
