3225 5171
1156 481 1389 536 LIBER
2204 468 2291 531 37

675 605 946 671 claudite
983 605 1161 680 ostia,
1199 604 1505 690 virgines:

799 699 1065 763 lusimus
1103 698 1272 762 satis.
1362 709 1446 773 at,
1482 697 1636 760 boni

802 795 1123 879 coniuges,
1160 794 1324 858 bene
1360 793 1552 857 vivite
1589 803 1655 857 et

602 929 607 932 -
671 911 931 953 munere
967 888 1230 951 adsidue
1265 888 1579 951 valentem

801 993 1090 1048 exercete
1125 982 1469 1045 iuventam.
2007 1013 2014 1020 ·
2323 990 2430 1045 235

1145 1617 1373 1681 LXII.

331 1731 580 1821 Vesper
614 1737 819 1801 adest:
865 1736 1148 1812 iuveneS,
1187 1736 1576 1821 consurgite:
1624 1736 1874 1822 Vesper
1909 1734 2193 1824 Olympo

334 1841 665 1915 expectata
702 1831 809 1894 diu
847 1831 950 1893 vix
985 1831 1238 1895 tandem
1276 1831 1518 1893 lumina
1554 1825 1736 1895 tollit.

333 1946 592 2009 surgere
627 1924 753 1987 iam
790 1934 1061 2009 tempus,
1099 1925 1223 1987 iam
1260 1925 1514 2008 pinguis
1549 1924 1836 2007 linquere
1872 1947 2151 1989 mensas:

330 2018 470 2080 ianr
494 2018 701 2082 veniet
740 2018 940 2102 virgO,
978 2018 1105 2081 iam
1141 2017 1386 2081 dicetur
1422 2019 1857 2100 Hymenaeus.

332 2112 593 2195 Hymen
629 2133 667 2175 o
704 2112 1099 2196 Hymenaee,
1135 2111 1395 2194 Hymen
1432 2110 1581 2173 ades
1620 2132 1657 2174 o
1695 2111 2088 2195 Hymenaee.
2320 2124 2357 2176 5

330 2295 601 2373 cernitis,
635 2296 957 2382 innuptae,
995 2297 1295 2360 iuvenes?
1340 2296 1703 2380 consurgite
1740 2309 1976 2363 contra.

328 2389 628 2453 nimirum
665 2388 943 2454 Oetaeos
982 2389 1254 2454 ostendit
1288 2389 1577 2453 Noctifer
1611 2390 1814 2475 ignes.
1857 2385 2106 2515 ΜΛ

329 2481 420 2548 sic
456 2492 708 2547 certest:
755 2483 941 2547 viden
979 2493 1049 2546 ut
1085 2482 1422 2568 perniciter
1457 2483 1773 2547 exiluere?
1794 2489 1843 2577 'q

304 2590 455 2642 ‘non
491 2577 1068 2642 temereexiluere:
1116 2590 1342 2642 canent
1378 2578 1550 2660 quod
1588 2577 1843 2643 vincere
1878 2601 1994 2664 par
2029 2591 2142 2645 est.

326 2673 586 2756 Hymen
622 2694 660 2735 o
696 2673 1090 2757 Hymenaee,
1129 2673 1385 2756 Hymen
1423 2671 1574 2735 ades
1611 2693 1649 2735 o
1687 2673 2083 2757 Hymenaee.
2315 2687 2386 2740 10

327 2879 453 2922 non
491 2857 693 2923 facilis
729 2858 932 2935 nobis,
970 2858 1286 2941 aequales,
1323 2857 1536 2942 palma
1570 2868 1881 2945 paratast:

329 2950 653 3036 adspicite,
689 2952 990 3035 innuptae
1027 2973 1243 3014 secum
1279 2963 1351 3012 ut
1384 2950 1689 3014 meditata
1724 2951 2070 3033 requirunt.
2145 2993 2238 3028 us.
2261 2961 2382 3001 1
2420 2954 2434 2963 ”
2463 2942 2474 3015 ζ
2513 2928 2558 2959 μ’

323 3066 452 3109 non
488 3044 721 3107 frustra
756 3045 1165 3107 meditantur:
1204 3043 1440 3106 habent
1468 3042 1876 3108 memorabile
1904 3046 2075 3128 quod
2110 3047 2208 3112 sit.

323 3158 443 3202 nec
478 3136 728 3212 mirum,
765 3136 1014 3219 penitus
1050 3157 1214 3217 quae
1251 3146 1381 3197 tota
1416 3145 1629 3198 mente
1664 3136 1971 3202 laborant.

262 3306 267 3313 Ι
322 3253 438 3295 nos
475 3229 598 3293 alio
635 3240 896 3304 mentes,
935 3228 1057 3291 alio
1095 3227 1420 3290 divisimus
1458 3251 1670 3292 aures:
2311 3248 2382 3302 15

322 3326 458 3390 iure
494 3323 692 3409 igitur
726 3321 1077 3386 vincemur:
1115 3332 1287 3384 amat
1322 3321 1584 3385 victoria
1621 3324 1868 3388 curam.

322 3439 518 3502 quare
552 3438 721 3480 nunc
758 3416 998 3479 animos
1034 3416 1254 3479 saltem
1294 3415 1637 3481 convertite
1673 3428 1941 3482 vestros:

323 3513 530 3576 dicere
564 3511 691 3574 iam
726 3509 1047 3594 incipient,
1084 3510 1210 3572 iam
1247 3510 1628 3595 respondere
1666 3511 1931 3576 decebit.

321 3609 581 3691 Hymen
617 3626 654 3668 o
692 3605 1085 3688 Hymenaee,
1123 3605 1383 3688 Hymen
1419 3604 1570 3669 ades
1607 3626 1646 3667 o
1690 3606 2086 3689 Hymenaee.

319 3795 628 3876 Hespere,
667 3791 986 3875 quicaelo
1022 3791 1222 3854 fertur
1257 3789 1568 3854 crudelior
1600 3791 1805 3881 ignis?
2305 3812 2377 3866 20

318 3886 426 3970 qui
463 3896 674 3949 natam
710 3885 914 3969 possis
952 3885 1264 3969 conplexu
1300 3884 1569 3948 avellere
1606 3885 1843 3961 matris,

319 3979 632 4063 conplexu
669 3977 884 4040 matris
918 3977 1292 4040 retinentem
1330 3976 1597 4040 avellere
1633 3988 1870 4053 natam,

318 4084 382 4138 et
415 4071 629 4135 iuveni
668 4070 909 4134 ardenti
947 4082 1185 4134 castam
1222 4071 1456 4133 donare
1489 4070 1784 4154 puellam.

317 4165 472 4248 quid
505 4163 748 4228 faciunt
783 4163 993 4228 hostes
1031 4174 1218 4248 capta
1253 4163 1568 4226 crudelius
1605 4163 1801 4227 urbe?

318 4260 579 4344 Hymen
615 4279 651 4321 o
690 4258 1082 4342 Hymenaee,
1122 4258 1379 4340 Hymen
1419 4256 1569 4320 ades
1607 4279 1646 4320 o
1682 4258 2077 4341 Hymenaee.
2303 4273 2375 4327 25
