3225 5171
1105 447 1588 505 FRAGMENTA
2359 429 2443 495 75

730 1135 1829 1263 ·'FRAGMENTA„

1316 1457 1367 1517 1.

855 1575 945 1668 At
976 1596 1096 1636 non
1133 1576 1378 1653 effugies
1412 1594 1573 1636 meos
1607 1576 1852 1637 iambos.

257 1680 602 1802 {Porphyrio
631 1657 708 1756 'et'
731 1681 1148 1756 commentator
1184 1694 1558 1775 Cruquianus
1593 1694 1672 1754 ad
1707 1695 1915 1788 Horat.
1944 1713 2118 1754 carm.
2154 1694 2190 1754 1
2227 1695 2306 1753 16
2331 1713 2377 1754 s.
2399 1692 2443 1753 f.

1310 2001 1394 2061 11.
1470 2074 1476 2082 .

521 2120 704 2180 Hunc
739 2120 941 2179 lucum
976 2119 1087 2179 tibi
1125 2118 1331 2180 dedico
1367 2137 1778 2197 consecroque,
1814 2118 2049 2197 Priape,

524 2235 644 2294 qua
680 2212 887 2273 domus
922 2220 1027 2272 tua
1060 2213 1375 2291 Lampsaci
1411 2223 1501 2272 est
1535 2231 1771 2292 quaque
1803 2212 1936 2289 lege
1968 2212 2189 2290 Priapi.

521 2327 661 2366 nam
696 2315 757 2366 te
788 2309 1105 2386 praecipue
1140 2309 1203 2365 in
1239 2307 1360 2365 suis
1395 2305 1641 2365 urbibus
1679 2306 1822 2365 colit
1854 2325 1958 2365 ora

521 2399 938 2479 Hellespontia
973 2401 1181 2458 ceteris
1216 2401 1515 2459 ostriosior
1549 2402 1684 2459 oris.

259 2520 665 2581 Terentianus
700 2520 945 2579 Maurus
980 2539 1037 2578 v.
1075 2517 1238 2577 2755
1261 2538 1352 2592 ss.,
1387 2538 1445 2598 p.
1482 2519 1606 2577 406
1627 2518 1725 2591 Κ.,
1764 2518 1866 2598 qui
1902 2517 2116 2577 adlatis
2150 2519 2214 2577 in
2251 2537 2448 2579 exem·
2501 2538 2503 2541 ’

266 2614 436 2693 plum
484 2614 580 2672 his
631 2613 903 2692 Priapeis
957 2611 1180 2691 ‘plures
1233 2612 1451 2670 similes
1511 2613 1596 2672 sic
1650 2612 2066 2691 conscripsisse
2120 2611 2444 2672 Catullum’

267 2714 533 2767 testatur.
620 2714 926 2785 praeterea
967 2724 1203 2764 versum
1247 2707 1501 2782 primum
1536 2703 1814 2763 adferunt
1846 2705 2073 2764 Marius
2105 2705 2446 2765 Victorinus

268 2821 326 2878 p.
377 2800 515 2873 119,
564 2799 600 2857 6
655 2806 716 2858 et
770 2797 910 2871 151,
958 2798 1112 2871 9K.,
1167 2798 1393 2857 Atilius
1443 2797 1909 2855 Fortunatianus
1961 2818 2017 2875 p.
2057 2799 2197 2870 292,
2247 2800 2326 2857 14
2344 2800 2443 2873 Κ.,

268 2891 518 2951 Caesius
562 2891 782 2949 Bassus
835 2910 892 2968 p.
931 2892 1072 2963 260,
1114 2892 1193 2948 14
1209 2890 1306 2962 Κ.,
1360 2889 1938 2948 Pseudocensorinus
1973 2911 2030 2968 p.
2068 2890 2210 2964 615,
2250 2893 2327 2948 12
2364 2893 2444 2951 Κ.

266 2984 527 3062 denique
579 3002 854 3041 versuum
905 2985 1066 3042 tertii
1107 2990 1166 3043 et
1217 2984 1411 3062 quarti
1461 2990 1657 3061 partes
1699 2984 1923 3061 priores
1974 2983 2181 3042 laudat
2219 2986 2448 3046 Marius

270 3078 610 3138 Victorinus
661 3096 719 3155 p.
769 3075 909 3147 151,
958 3078 1036 3133 22
1067 3097 1108 3135 s.
1144 3076 1223 3135 K.
1274 3106 1362 3117 ——
1426 3096 1483 3134 v.
1522 3078 1558 3133 2
1606 3096 1827 3150 quaque
1877 3080 1994 3151 leye
2043 3080 2264 3153 Priapi,
2317 3080 2355 3137 i.
2393 3099 2445 3139 e.

272 3168 434 3249 apud
475 3170 827 3247 Priapenos,
881 3167 1278 3227 Buechelerus
1330 3171 1393 3226 in
1447 3188 1701 3246 prooem.
1756 3167 1877 3228 ind.
1924 3170 2102 3230 schol.
2147 3172 2444 3232 Bonnens.

264 3285 325 3324 a.
368 3257 657 3341 1878s79‚
693 3281 749 3340 p.
789 3261 886 3318 26.
972 3259 1316 3334 QVAQVE
1362 3261 1655 3322 PRIAPe
1701 3260 1879 3322 editio
1913 3266 2187 3342 princeps
2223 3265 2446 3326 Teren-

270 3359 439 3416 tiani.
546 3375 765 3431 quaque
824 3358 968 3412 silva
1026 3357 1238 3430 Priape
1303 3355 1587 3431 Scaliger.
1700 3357 2016 3432 Lampsaci
2064 3361 2168 3415 erit
2227 3378 2447 3435 quaque

270 3452 486 3526 Priape
517 3447 936 3508 Lachmannus
973 3448 1052 3507 ad
1085 3449 1510 3508 Terentianum
1543 3449 1583 3509 l.
1609 3448 1652 3509 l.
1733 3469 1907 3525 usque
1951 3470 2188 3525 quaque,
2230 3454 2446 3530 Priape

269 3543 524 3604 Keilius.

1297 3798 1416 3857 ΙΙΙ.

696 3942 1085 3963 -----
1121 3915 1195 3976 de
1229 3936 1358 3976 meo
1393 3917 1668 3993 ligur-rire
1702 3916 1959 3978 libidost.

264 4035 504 4094 Nonius
555 4054 613 4113 p.
663 4035 785 4093 134
837 4034 920 4093 Μ.
1001 4032 1296 4094 ‘Catullus
1346 4035 1566 4114 Priapo
1622 4034 1884 4111 (Catulus
1928 4039 2135 4114 priopo
2189 4037 2446 4115 codices)

267 4127 350 4186 de
385 4159 469 4169 ——
493 4158 580 4168 —
611 4127 796 4187 libido
834 4128 966 4200 est',
1010 4127 1115 4187 ubi
1147 4131 1390 4204 Priapeo
1426 4129 1847 4189 Lachmannus
1882 4139 2055 4203 recte,
2092 4138 2159 4189 ut
2192 4131 2442 4191 videtur.

268 4239 465 4300 neque
516 4222 674 4281 enim
726 4223 871 4281 mihi
923 4222 1101 4282 fidem
1155 4221 1296 4282 fecit
1347 4223 1570 4282 Bittius
1619 4225 1742 4282 ant.
1788 4223 2152 4285 Buchwesen
2204 4245 2260 4304 p.
2299 4226 2443 4298 403,
