3225 5171
760 433 912 475 XXVI
1624 430 2081 473 PROIAEGOMENA

756 553 999 612 cohorte
1049 550 1313 609 Memmii
1365 547 1508 623 fuit,
1565 556 1634 609 ut
1684 569 1763 609 ex
1806 548 2028 609 Catulli
2079 571 2128 609 c.
2180 549 2245 608 X
2298 551 2375 608 31
2428 553 2639 609 merito
2700 549 2943 627 collegit

763 637 1066 716 Hauptius
1093 655 1287 714 opusc.
1316 633 1366 707 I,
1395 655 1452 713 p.
1484 635 1580 707 72,
1610 635 2104 714 confirmaturque
2125 633 2207 708 id,
2236 642 2304 694 ut
2318 635 2619 695 Brunerus
2644 655 2701 714 p.
2729 636 2851 694 653
2879 656 2954 694 ιι..

758 732 824 786 et
859 720 1202 781 Schwabius
1248 740 1304 798 p.
1352 720 1473 778 267
1521 718 2091 793 animadverterunt,
2133 723 2319 799 ipsius
2357 718 2589 780 Cinnae
2631 720 2947 791 versieulis

762 808 841 867 ab
875 804 1106 866 Isidoro
1142 808 1288 881 orig.
1321 803 1416 864 VI
1452 805 1530 861 12
1576 808 1825 864 servatis
1869 800 2106 882 (fragm.
2142 807 2179 864 3
2215 805 2285 863 L.
2322 802 2569 881 Muell.)‚
2616 806 2829 885 quibus
2876 824 2951 879 se

759 898 827 952 in
859 890 1150 970 Bithynia
1184 896 1601 950 commoratum
1645 908 1773 950 esse
1814 888 2075 969 indeque
2118 890 2420 969 exemplar
2461 890 2638 949 Arati
2680 890 2950 969 phaeno-;

756 997 979 1037 menon
1015 975 1251 1034 domum
1282 982 1611 1052 reportasse
1647 975 1961 1051 significat.
2020 974 2288 1034 Catullus
2324 983 2521 1034 autem
2554 976 2776 1053 triplici
2810 979 2938 1036 sine

755 1063 943 1122 dubio
996 1080 1177 1120 causa
1228 1066 1295 1118 ut
1343 1060 1457 1120 hoc
1504 1063 1621 1119 iter
1671 1063 1992 1139 susciperet
2042 1068 2363 1120 commotus
2414 1068 2519 1133 est,
2571 1063 2825 1139 primum
2855 1069 2941 1133 ,ut

759 1148 1014 1208 vulnera
1055 1165 1133 1205 ex
1180 1144 1411 1204 infelici
1463 1163 1662 1204 amore
1714 1147 1910 1204 animo
1952 1146 2180 1204 inflicta
2221 1145 2551 1224 longinqua
2602 1148 2938 1224 peregrina-

754 1237 924 1293 tione
973 1238 1340 1310 persanaret,
1394 1228 1612 1288 deinde
1670 1237 1739 1288 ut
1787 1230 2123 1308 sepulcrum
2180 1229 2380 1289 fratris
2432 1230 2796 1290 dilectissimi
2847 1233 2939 1289 in-

759 1321 995 1390 viseret,
1033 1316 1288 1394 denique
1320 1321 1389 1372 ut
1423 1312 1652 1393 aliquid
1685 1314 1891 1375 lucelli
1916 1319 1980 1375 in
2005 1315 2296 1393 Bithynia
2320 1315 2555 1376 faceret.
2610 1336 2750 1375 nam
2783 1316 2939 1385 hanc

754 1423 897 1463 eum
933 1421 1097 1479 spem
1129 1400 1407 1459 habuisse
1442 1397 1559 1458 duo
1595 1401 1861 1458 carmina
1891 1409 2027 1479 post
2057 1400 2315 1460 reditum
2348 1402 2414 1460 in
2447 1400 2688 1461 Italiam
2722 1403 2940 1479 scripta

754 1489 1182 1557 demonstrant,
1228 1487 1294 1543 in
1328 1484 1542 1564 quibus
1577 1483 1653 1544 de
1684 1487 2028 1565 provinciae
2059 1493 2408 1564 paupertate
2442 1494 2503 1545 et
2537 1485 2611 1546 de
2653 1488 2938 1565 praetoris

761 1573 1045 1632 adversus
1091 1570 1387 1630 cohortem
1431 1571 1664 1629 incuria
1706 1570 1917 1630 acerbe
1951 1573 2234 1650 queritur.
2305 1570 2426 1630 vid.
2475 1591 2523 1630 c.
2557 1571 2623 1629 X
2660 1574 2696 1631 9
2726 1591 2797 1630 ss.
2837 1572 2936 1644 19,

754 1657 1045 1717 XXVIII
1098 1656 1135 1713 6
1173 1674 1248 1714 sS.
1303 1661 1563 1714 ceterum
1626 1675 1748 1716 non
1799 1662 1925 1714 tam
1976 1659 2273 1733 ingratam
2327 1655 2564 1716 Catullo
2625 1657 2937 1715 stationem

758 1743 1142 1821 Bithynicam
1182 1739 1369 1798 fuisse
1413 1738 1585 1799 credo
1623 1760 1803 1819 quam
1843 1761 1964 1800 non
2006 1741 2188 1800 nullis
2233 1744 2378 1802 istas
2420 1740 2757 1801 iracundias
2802 1761 2937 1801 con-

752 1825 1153 1887 siderantibus
1196 1827 1391 1883 visum
1435 1832 1540 1898 est,
1586 1846 1729 1883 nam
1773 1828 2050 1885 carminis
2092 1827 2304 1887 XLVI
2336 1847 2393 1885 v.
2434 1827 2469 1885 9
2516 1826 2716 1886 dulces
2761 1828 2935 1886 comi·

752 1922 883 1972 tum
911 1919 1110 1971 coetus
1137 1918 1568 1970 commemorat.
1622 1930 1816 1989 neque
1834 1909 2039 1970 dubito
2057 1913 2205 1991 quin
2233 1919 2391 1971 recte
2406 1912 2708 1971 Brunerus
2732 1931 2791 1990 Ρ.
2813 1912 2933 1970 653

758 2000 1088 2076 suspicatus
1124 1998 1202 2056 sit
1244 2015 1381 2055 eum
1414 1997 1480 2054 in
1514 1995 1629 2054 hoc
1670 2014 1904 2055 recessu
1946 1998 2288 2075 provinciae
2321 1996 2522 2075 aliqua
2556 1996 2633 2056 de
2667 1997 2936 2055 carmini·

755 2084 868 2143 bus
903 2081 1222 2141 maioribus
1251 2080 1603 2154 condidisse,
1642 2100 1893 2160 quorum
1918 2080 2415 2160 pangendorum
2396 2102 2463 2140 ιιι
2487 2082 2746 2140 tumultu
2772 2082 2933 2141 urbis

755 2169 984 2228 Romae
1017 2175 1197 2246 atque
1229 2165 1494 2225 mediis
1475 2186 1540 2224 1n
1576 2166 1875 2225 amoribus
1911 2165 2180 2245 odiisque
2213 2168 2321 2226 vix
2355 2165 2632 2226 voluntas
2667 2160 2936 2246 suppete-

751 2252 878 2313 bat.
949 2270 1101 2332 quae
1138 2252 1475 2310 coniectura
1507 2258 1674 2311 tanto
1708 2251 1845 2330 plus
1888 2252 2323 2330 probabilitatis
2365 2251 2549 2310 habet
2582 2249 2738 2331 quod
2783 2253 2937 2311 inter

746 2358 830 2398 ea
872 2339 1136 2397 carmina
1170 2355 1418 2414 quorum
1460 2344 1694 2413 tempus
1737 2339 2066 2396 accuratius
2112 2336 2346 2396 definiri
2387 2336 2529 2396 licet
2571 2336 2804 2396 nullum
2848 2347 2935 2396 est

745 2422 918 2503 quod
951 2442 1002 2480 a.
1043 2419 1271 2498 697157
1309 2423 1593 2498 scriptum
1628 2422 1719 2494 sit,
1760 2430 1817 2481 et
1850 2421 2124 2482 breviora
2156 2422 2336 2498 longe
2369 2422 2626 2500 plurima
2659 2423 2723 2481 in
2756 2422 2936 2482 Italia

751 2509 916 2567 facta
949 2524 1077 2567 esse
1108 2507 1275 2584 ipsae
1317 2524 1410 2564 res
1446 2524 1597 2585 quae
1640 2507 1706 2564 in
1750 2507 1836 2565 eis
1879 2514 2205 2566 tractantur
2248 2506 2568 2567 declarant.
2637 2508 2758 2565 iam
2803 2527 2936 2566 cum

750 2592 1028 2653 Catullus
1086 2610 1195 2671 per
1245 2611 1470 2649 annum
1528 2593 1830 2669 integrum
1881 2613 1919 2651 a
1971 2592 2179 2652 studiis
2240 2595 2485 2672 poeticis
2544 2613 2782 2672 prorsus
2834 2594 2935 2651 ab-

746 2681 1034 2738 stinuisse
1067 2676 1233 2736 nullo
1268 2674 1444 2736 modo
1478 2679 1678 2755 putari
1711 2679 1911 2755 possit,
1950 2696 2101 2750 eum,
2138 2676 2634 2757 quemadmodum
2660 2686 2837 2737 antea
2871 2680 2936 2740 in

751 2783 988 2824 recessu
1032 2762 1366 2823 Veronensi
1408 2781 1638 2820 comam
1679 2762 1996 2822 Berenices
2044 2781 2121 2822 ex
2166 2762 2531 2822 Callimacho
2576 2770 2835 2822 verterat
2877 2770 2938 2822 et

744 2848 1006 2926 elegiam
1060 2848 1138 2906 ad
1180 2845 1412 2905 Allium
1473 2855 1887 2925 conposuerat,
1951 2850 2036 2907 sic
2086 2850 2150 2908 in
2191 2848 2483 2927 Bithynia
2533 2847 2800 2927 epyllion
2861 2847 2937 2907 de

752 2935 922 2994 Pelei
958 2941 1018 2993 et
1049 2930 1324 2993 Thetidis
1356 2934 1598 3011 nuptiis,
1646 2935 1911 2991 omnium
1945 2935 2275 2992 carminum
2317 2953 2553 2992 suorum
2590 2935 2932 3007 maximum,

746 3022 1049 3099 pepigisse
1082 3019 1211 3077 veri
1255 3025 1345 3076 est
1378 3016 1572 3076 simile
1582 3039 1607 3091 3·
1648 3019 1746 3076 cui
1777 3016 1953 3077 Attin
1996 3018 2158 3077 haud
2200 3017 2650 3096 inprobabiliter
2692 3017 2934 3091 adicias,
2977 3074 2980 3077 ,

750 3105 1094 3184 praesertim
1123 3122 1257 3161 cum
1275 3102 1451 3160 huius
1468 3104 1762 3181 poematis
1792 3111 2204 3181 argumentum
2222 3102 2300 3162 ad
2325 3105 2597 3180 regiones
2613 3102 2936 3181 Bithyniae

751 3191 982 3247 vicinas
1015 3189 1312 3264 pertineat
1342 3187 1590 3265 fierique
1619 3186 1797 3246 facile
1832 3190 2089 3267 potuerit
2123 3197 2190 3247 ut
2218 3188 2490 3248 Catullus
2524 3190 2936 3248 circumiacen-

740 3277 901 3333 tium
936 3272 1200 3331 locorum
1233 3278 1449 3330 natura
1482 3279 1662 3350 atque
1698 3275 1878 3332 sacris
1923 3273 2001 3332 ad
2035 3292 2169 3333 eam
2211 3275 2522 3333 materiam
2564 3273 2936 3332 tractandam

749 3357 1151 3436 inpelleretur.
1214 3374 1410 3434 neque
1444 3356 1586 3415 huic
1622 3358 1991 3419 coniecturae
2026 3358 2222 3418 obstat
2256 3357 2415 3437 quod
2450 3365 2641 3436 poeta,
2678 3366 2745 3417 ut
2777 3357 2937 3417 infra

750 3442 1104 3515 videbimus,
1139 3443 1206 3500 in
1230 3439 1460 3514 Attine,
1489 3459 1678 3520 aeque
1706 3449 1884 3522 atque
1909 3446 1974 3503 in
2002 3443 2224 3523 epyllio
2253 3462 2377 3516 suo,
2408 3441 2638 3502 Graeca
2663 3442 2937 3522 exempla

743 3532 1016 3587 imitatus
1061 3534 1164 3587 est.
1234 3545 1314 3585 ne
1358 3534 1557 3587 autem
1608 3524 1726 3587 duo
1771 3529 1889 3587 ista
1932 3531 2198 3588 carmina
2241 3530 2325 3588 eis
2369 3528 2729 3605 temporibus
2773 3529 2937 3587 attri-

749 3614 1003 3673 buamus
1055 3631 1209 3692 quae
1254 3610 1476 3670 Catulli
1528 3631 1663 3671 cum
1709 3611 1923 3673 Clodia
1964 3612 2192 3675 foederi
2242 3613 2602 3673 antecedunt
2651 3613 2933 3691 perfectio

752 3720 955 3760 eorum
990 3697 1238 3777 inpedit.

877 3784 1034 3845 Vere
1068 3785 1212 3842 anni
1235 3741 1598 3862 insequentis
1621 3781 1923 3842 Catullum
1946 3782 2296 3862 Bithyniam
2311 3783 2633 3885 reliquisse
2660 3804 2708 3843 c.
2725 3782 2937 3843 XLVI

740 3869 936 3929 docet.
990 3888 1024 3929 e
1057 3872 1223 3929 cuius
1257 3867 1563 3927 versiculis
1599 3869 1878 3927 extremis
1912 3886 2048 3929 eum
2080 3888 2203 3927 non
2236 3871 2402 3947 prius
2438 3888 2616 3947 quam
2648 3866 2937 3947 reliquam

738 3955 1048 4014 cohortem
1107 3961 1168 4012 et
1223 3955 1419 4031 ipsum
1481 3963 1921 4031 propraetorem
1972 3952 2113 4013 inde
2175 3952 2495 4013 decessisse
2553 3953 2937 4030 intellegitur.

747 4040 1097 4099 Memmium
1140 4044 1339 4097 autem
1385 4058 1507 4097 non
1558 4057 1718 4097 anno
1770 4038 2009 4114 longius
2050 4038 2403 4115 Bithyniam
2444 4041 2670 4099 rexisse
2715 4046 2938 4099 certum

745 4132 854 4198 est,
891 4125 1110 4203 quippe
1144 4125 1241 4183 cui
1274 4144 1325 4183 a.
1357 4117 1586 4200 698l56
1622 4121 1689 4181 C.
1721 4121 2017 4182 Caecilius
2046 4121 2343 4182 Cornutus
2378 4124 2442 4181 in
2469 4122 2938 4183 administranda

722 4229 821 4270 --ea
846 4210 1166 4289 ¹provincia
1202 4207 1568 4283 successerit,
1604 4215 1675 4268 ut
1699 4207 2057 4286 Borghesius
2093 4226 2170 4269 ex
2194 4228 2433 4269 nummo
2461 4207 2718 4288 quodam
2740 4207 2940 4270 Amisi
