3225 5171
1246 464 1479 519 L1BER
2306 447 2395 515 ’13

433 584 547 652 sed
582 584 781 652 cuivis
818 587 1108 670 quamvis
1144 587 1353 673 potius
1390 587 1803 654 succumbere
1837 609 1953 672 par
1987 597 2107 666 est,

515 700 711 764 quam
744 692 1007 747 matrem
1043 680 1267 747 fratres
1302 704 1382 748 ex
1415 691 1643 767 patruo
1676 703 1916 767 parere.

922 971 1029 1054 43.

1256 1123 1478 1215 exn.

343 1238 594 1305 Multus
639 1240 829 1306 homo
872 1263 962 1329 ⁸es,
1015 1241 1187 1306 Naso
1198 1266 1216 1319 3
1244 1220 1487 1326 ‘neque‘
1524 1253 1734 1307 tecum
1778 1240 2022 1338 multus·
2060 1241 2249 1306 homo
2285 1251 2390 1307 est

720 1335 798 1398 ⁴ui
1028 1347 1033 1350 ⁴
1440 1354 1444 1358 ·
2287 1343 2292 1350 “

433 1356 784 1493 descendat:
828 1427 1021 1503 Nam,
1057 1426 1295 1492 multus
1332 1449 1399 1492 es
1436 1437 1500 1493 et
1533 1426 1846 1513 pathicus.

1232 1868 1490 1934 CXIII.

431 1983 711 2053 Consule
744 1987 1053 2073 Pompeio
1088 1988 1363 2074 primum
1397 1989 1546 2064 due,
1580 1986 1815 2065 Cinna,
1852 1988 2146 2054 solebant
2199 2017 2204 2022 ·

511 2081 904 2147 Maeciliam:
948 2081 1117 2147 faeto
1152 2081 1409 2147 consule
1441 2104 1614 2146 nune
1647 2081 1874 2147 iterum

424 2185 794 2240 manserunt
827 2175 976 2250 duc,
1014 2175 1126 2240 sed
1161 2185 1497 2241 creverunt
1528 2174 1703 2240 milia
1734 2175 1802 2239 in
1835 2198 2035 2240 unum

513 2267 782 2355 singula.
868 2269 1213 2351 fecundum
1248 2290 1463 2333 semen
1498 2268 1828 2358 adulterio.

1270 2710 1524 2779 CXIV.

421 2830 722 2896 Firmano
757 2830 922 2895 saltu
956 2851 1084 2895 non
1121 2830 1282 2896 falso
1317 2830 1615 2896 Mentula
1649 2829 1826 2895 dives

507 2925 726 3000 fertur,
761 2924 872 3007 qui
906 2934 1000 2988 tot
1032 2946 1132 2989 res
1167 2925 1233 2988 in
1269 2947 1338 2990 se
1381 2924 1575 2989 habet
1607 2924 1916 3008 egregiae,

423 3017 713 3102 aucupia,
748 3037 933 3081 omne
967 3039 1170 3104 genus
1205 3016 1414 3103 piscis,
1452 3027 1654 3102 prata,
1692 3039 1844 3082 arva
1878 3018 2195 3103 ferasque.

506 3111 921 3195 nequiquam:
966 3111 1207 3175 fruetus
1243 3110 1598 3196 sumptibus
1636 3122 1959 3196 exuperat.

422 3227 619 3290 quare
654 3204 932 3268 concedo
968 3203 1048 3267 sit
1082 3202 1279 3280 dives,
1316 3204 1467 3267 dum
1505 3204 1719 3268 omnia
1753 3204 1974 3271 desint.

507 3298 738 3364 saltum
771 3297 1124 3374 laudemus,
1161 3297 1314 3362 dum
1348 3297 1606 3363 modulo
1642 3297 1779 3384 ipse
1815 3310 2022 3385 egeat.

1179 3528 1519 3540 —

1236 3738 1451 3805 CXV.

416 3859 708 3924 Mentula
743 3856 934 3922 habet
968 3856 1147 3922 iuxta
1181 3858 1438 3943 triginta
1470 3857 1694 3944 iugera
1728 3857 1915 3944 prati,

490 3952 919 4041 ¹quadraginta
953 3949 1118 4015 arvi:
1155 3962 1365 4017 cetera
1398 3963 1546 4016 sunt
1579 3953 1796 4017 maria.

417 4068 531 4110 eur
563 4067 692 4110 non
728 4044 963 4109 divitiis
1000 4042 1309 4110 Croesum
1348 4068 1648 4132 superare
1683 4046 1846 4131 potis
1883 4046 1986 4124 sit,

500 4160 627 4203 uno
664 4139 773 4222 qui
805 4139 871 4204 in
908 4139 1072 4203 saltu
1106 4149 1199 4203 tot
1235 4140 1400 4204 bona
1433 4139 1772 4225 possideat,

414 4244 614 4317 prata,
650 4255 823 4311 arva,
856 4231 1147 4319 ingentes
1183 4233 1374 4298 silvas
1410 4233 1734 4318 saltusque
1767 4233 2161 4320 paludesque
