3225 5171
770 465 860 504 XII
1630 463 2087 505 PROLEGOMBNA

688 624 695 629 ι
771 582 1071 652 sustineat,
1111 600 1157 638 c.
1195 580 1486 654 LXXVI,
1532 601 1649 660 quo
1685 601 1807 639 non
1843 583 2142 640 invenitur
2175 583 2237 640 in
2272 585 2437 660 poesi
2472 583 2743 641 Romana
2777 572 2945 661 prae-

772 665 1004 737 clarius,
1041 667 1294 743 primum
1329 666 1689 725 conscientia
1723 664 1865 724 fidei
1898 686 2019 724 non
2055 665 2311 727 violatae
2346 686 2408 726 se
2445 667 2777 726 consolatus
2812 670 2942 746 ipsc

769 752 1032 808 animum
1075 757 1310 809 strenue
1355 751 1664 809 confirmat
1704 757 1771 809 ut
1804 749 2036 815 desinat
2086 753 2263 810 miser
2314 771 2465 824 esse,
2519 760 2645 810 tum
2699 752 2946 811 deorum

769 834 1054 892 auxilium
1099 834 1176 893 ad
1217 834 1682 913 recuperandam
1727 830 2050 894 sanitatem*
2081 835 2489 914 pulcherrimis
2532 838 2799 896 versibus
2852 840 2941 896 in-

767 918 991 997 plorat.
1047 927 1224 999 atque
1268 922 1583 996 contigisse
1626 927 1761 998 post
1812 923 2223 996 gravissimum
2266 924 2451 980 animi
2506 921 2767 981 laborem
2811 929 2965 981 tan-⁴

667 1045 697 1084 ,-
769 1004 902 1064 dem
940 1004 1258 1083 aliqnando
1297 1004 1532 1064 Catullo
1569 1012 1637 1063 ut
1671 1010 1924 1064 taetrum
1961 1007 2139 1064 istum
2173 1006 2458 1078 morbum,
2497 1025 2673 1085 quem
2708 1005 2785 1064 ad
2819 1027 2943 1066 mo·

768 1088 908 1147 dum
951 1092 1079 1167 ipse
1121 1109 1378 1150 amorem
1415 1110 1586 1148 suum
1623 1088 1782 1163 dicit,
1832 1089 2166 1168 deponeret,
2213 1110 2287 1150 ex
2324 1110 2371 1150 c.
2402 1091 2500 1149 XI
2535 1093 2935 1169 perspicimuS,

769 1173 928 1254 quod
966 1177 1228 1234 omnium
1272 1195 1424 1254 quae
1468 1174 1544 1233 ad
1586 1174 1842 1234 Lesbiae
1884 1194 2140 1234 amorem
2184 1183 2453 1253 spectant
2494 1175 2768 1234 ultimum
2813 1195 2943 1236 esse

765 1261 988 1337 primus
1032 1267 1190 1320 recte
1231 1258 1651 1318 animadvertit
1682 1260 2184 1336 Iungclaussenus
2228 1263 2292 1318 in
2324 1269 2757 1339 programmate
2791 1260 2940 1320 Mel-

767 1342 1025 1403 dorfensi
1078 1365 1130 1404 a.
1191 1345 1352 1402 1857
1404 1344 1703 1422 publicato
1753 1365 1811 1422 p.
1863 1347 1959 1402 16.
2031 1364 2170 1403 nam
2222 1347 2499 1404 carminis
2551 1345 2770 1403 XLIII
2824 1345 2937 1404 for-

763 1437 922 1488 tasse
964 1437 1097 1508 post
1142 1428 1342 1508 scripti
1385 1429 1704 1506 singularis
1749 1437 1837 1488 est
1878 1431 2053 1503 ratio,
2107 1437 2175 1488 ut
2224 1451 2362 1490 mox
2407 1429 2755 1489 videbimus.
2826 1449 2938 1490 nec

765 1516 893 1572 sine
929 1522 1084 1572 certo
1123 1514 1364 1573 consilio
1400 1516 1726 1573 instituisse
1758 1513 1994 1574 videtur
2025 1521 2203 1593 poeta
2236 1523 2304 1573 ut
2336 1523 2629 1593 postrema
2662 1514 2741 1572 ad
2773 1515 2937 1593 puel-

761 1598 883 1656 lam
917 1618 1086 1657 suam
1119 1600 1317 1673 verba,
1355 1600 1569 1679 quibus
1597 1598 1800 1659 sedat-e
1826 1607 2003 1679 atque
2030 1599 2245 1676 frigide
2284 1618 2413 1658 eam
2442 1620 2573 1658 cum
2601 1601 2937 1658 innumera—

761 1681 983 1742 bilibus
1017 1683 1273 1744 moechis
1308 1687 1428 1743 suis
1461 1687 1667 1744 vivere
1701 1684 2018 1763 valereque
2044 1705 2154 1744 nec
2188 1687 2371 1762 ipsius
2400 1703 2655 1743 amorem
2683 1684 2939 1762 amplius

762 1776 1092 1845 respectare
1126 1768 1306 1842 iubet,
1354 1769 1559 1828 eodem
1595 1777 1780 1828 metro
1816 1769 2096 1848 sapphico
2134 1769 2460 1830 includeret
2493 1789 2609 1849 quo
2646 1771 2710 1827 in
2743 1771 2937 1847 prima

763 1852 989 1912 ardoris
1026 1856 1117 1912 sui
1152 1854 1518 1914 confessione
1561 1851 1636 1929 (c.
1672 1851 1784 1929 LI)
1820 1868 1962 1913 usus
2007 1863 2175 1913 esset.
2247 1863 2504 1914 ceterum
2550 1855 2659 1913 etsi
2701 1856 2935 1913 verissi-

761 1958 922 1996 mum
976 1946 1066 1997 est
1116 1938 1275 2018 quod
1324 1940 1547 2018 primus
1600 1939 2025 1998 demonstravit
2074 1939 2152 1998 A.
2195 1941 2267 1998 F.
2313 1939 2581 1998 Naekius
2634 1959 2828 2017 opusc.
2880 1939 2931 2011 I,

761 2043 816 2100 p.
850 2024 972 2081 104
991 2043 1052 2097 s.,
1091 2022 1389 2084 Catullum
1422 2025 1745 2103 primarum
1780 2031 2057 2104 quattuor
2090 2024 2457 2102 stropharum
2491 2023 2937 2099 magnificentia

759 2108 930 2166 Furii
967 2117 1025 2168 et
1057 2108 1307 2182 Aurelii,
1344 2109 1648 2168 hominum
1685 2111 2208 2187 egentissimorum,
2244 2111 2640 2186 importunam
2675 2107 2935 2167 adsidui-

759 2199 941 2251 tatem
992 2197 1387 2271 perstringere
1429 2193 1687 2253 voluisse
1747 2197 1951 2273 eisque
2001 2202 2367 2271 contemptus
2411 2194 2503 2250 sui
2555 2193 2935 2268 significandi

761 2297 940 2335 causa
974 2279 1090 2336 ista
1127 2278 1272 2337 ‘non
1305 2278 1463 2337 bona
1500 2277 1683 2337 dicta’
1719 2279 1953 2358 puellae
1989 2298 2128 2338 suae
2164 2277 2495 2337 nuntianda
2537 2277 2931 2351 mandavisse,

758 2369 959 2420 tamen
993 2362 1107 2421 hoc
1140 2363 1218 2421 ad
1251 2362 1490 2441 plenam
1524 2365 1661 2421 miri
1696 2367 1970 2423 carminis
2004 2364 2469 2440 intellegentiam
2515 2361 2778 2421 nondum
2815 2363 2934 2422 suf-

760 2446 899 2505 ficit.
969 2449 1078 2505 vix
1129 2448 1326 2506 autem
1378 2449 1695 2526 quicquam
1747 2450 2006 2526 poemati
2056 2448 2134 2506 ad
2193 2448 2671 2527 perspicuitatem
2729 2447 2935 2509 deesse

758 2530 1009 2605 videtur,
1048 2533 1098 2591 si
1133 2553 1266 2592 cum
1302 2532 1612 2593 Schwabio
1648 2533 1686 2591 l.
1725 2552 1771 2591 c.
1809 2553 1864 2611 p.
1898 2534 2015 2591 129
2054 2532 2303 2613 aliisque
2336 2532 2615 2593 Lesbiam
2649 2535 2934 2593 sumimus

758 2616 863 2675 illo
897 2624 1158 2696 tempore
1192 2620 1256 2677 in
1291 2621 1539 2695 gratiam
1580 2638 1712 2676 cum
1751 2616 1983 2677 Catullo
2018 2616 2210 2679 redire
2245 2626 2515 2678 conatam
2553 2636 2696 2678 esse.
2759 2621 2932 2697 eique

759 2704 1129 2762 coniecturae
1162 2703 1201 2761 a
1235 2724 1290 2762 v.
1329 2707 1406 2762 21
1447 2705 1589 2763 satis
1625 2702 1905 2781 praesidii
1948 2702 2193 2776 accedit,
2240 2705 2304 2761 in
2339 2723 2454 2782 quo
2490 2703 2737 2763 verbum
2772 2703 2932 2782 quod

760 2795 849 2846 est
883 2798 1220 2864 respectare,
1267 2796 1335 2847 ut
1367 2790 1546 2848 totius
1583 2787 1858 2866 strophae
1902 2790 2195 2847 sententia
2228 2787 2414 2862 docet,
2459 2809 2581 2847 non
2617 2789 2930 2847 ‘rationem

758 2871 978 2932 habere
991 2872 1023 2945 ’,
1071 2872 1175 2932 sed
1221 2872 1584 2952 ‘expectare‘
1632 2873 1943 2950 significat.
2014 2872 2257 2932 relicum
2301 2881 2390 2932 est
2433 2881 2499 2932 ut
2543 2871 2618 2932 de
2661 2875 2931 2931 carmini-

755 2957 868 3016 bus
913 2957 1134 3017 XLIII
1188 2967 1246 3017 et
1297 2958 1637 3019 LXXXVI
1688 2966 1922 3035 agatur,
1978 2959 2191 3038 quibus
2244 2959 2439 3017 minus
2482 2965 2753 3017 accurate
2796 2978 2930 3017 con-

758 3041 1028 3102 sideratis
1065 3043 1240 3103 facile
1277 3044 1492 3122 aliquis
1527 3043 1744 3102 adduci
1778 3051 1969 3122 potest
2003 3051 2068 3102 ut
2096 3042 2396 3102 Catullum
2430 3041 2637 3103 eodem
2669 3050 2932 3121 tempore

757 3147 873 3205 quo
909 3126 1186 3193 Lesbiam
1224 3136 1449 3187 amaret
1491 3147 1625 3186 cum
1668 3128 1801 3186 aliis
1837 3147 2071 3207 quoque
2104 3127 2447 3187 mulieribus
2489 3119 2614 3187 rem
2656 3126 2932 3188 habuisse

759 3212 1047 3288 opinetur,
1085 3211 1147 3269 id
1182 3211 1341 3291 quod
1377 3211 1595 3272 Ovidio
1633 3211 1863 3284 accidit,
1902 3216 2004 3292 qui
2038 3215 2186 3272 trist.
2212 3213 2280 3272 II
2306 3213 2429 3270 429
2459 3232 2502 3271 s.
2540 3212 2613 3272 de
2643 3207 2750 3271 'illo
2785 3213 2931 3271 haec

757 3294 926 3353 dicit:
983 3296 1119 3355 ‘nec
1173 3304 1482 3355 contentus
1535 3315 1605 3356 ea
1650 3295 1917 3373 (Lesbia)
1961 3297 2175 3356 multos
2227 3297 2500 3374 vulgavit
2550 3316 2799 3369 amoreS,
2853 3297 2930 3355 In

757 3381 971 3463 quibus
1024 3382 1150 3459 ipse
1202 3401 1370 3440 suum
1431 3380 1623 3440 fassus
1676 3381 2118 3442 adulteriumst.’
2204 3384 2446 3440 istorum
2504 3377 2930 3459 poematiorum

753 3466 916 3544 prius
951 3468 1016 3524 in
1052 3468 1358 3544 provincia
1393 3465 1825 3545 Transpadana
1860 3470 2139 3546 scriptum
2176 3464 2353 3542 (conf.
2392 3488 2447 3526 v.
2482 3464 2551 3549 6)
2589 3464 2666 3523 ad
2699 3463 2929 3525 Ameti-

752 3570 892 3608 nam
944 3551 1231 3629 puellam,
1287 3550 1606 3610 decoctoris
1660 3552 1991 3625 Formiani,
2046 3554 2082 3610 i.
2132 3571 2181 3611 e.
2236 3553 2594 3623 Mamurrae,
2657 3552 2928 3625 amicam,

755 3644 1016 3714 spectare
1063 3638 1401 3713 conparatio
1453 3638 1609 3696 inter
1659 3636 1771 3695 hoc
1825 3644 1883 3695 et
1926 3657 1975 3697 c.
2019 3637 2172 3695 XLI
2223 3639 2495 3695 instituta
2546 3632 2924 3695 demonstrat.

751 3740 822 3779 ea
856 3724 1040 3798 igitur
1072 3721 1288 3799 p'uella,
1314 3722 1537 3794 ‚favore
1573 3721 1927 3795 Mamurrae,
1973 3722 2229 3781 hominis
2278 3722 2628 3794 divitissimi,
2675 3717 2929 3799 superba

750 3804 924 3880 facta,
983 3805 1282 3865 Catullum
1330 3825 1529 3865 amore
1574 3825 1681 3865 suo
1734 3806 1852 3865 frui
1897 3809 2231 3885 cupientem
2276 3808 2596 3865 maximam
2639 3807 2929 3883 pecuniae

751 3897 1036 3949 summam
1072 3899 1434 3970 poposcerat.
1511 3912 1690 3971 quam
1735 3912 1865 3950 cum
1905 3891 2044 3951 dare
2077 3900 2254 3970 poeta
2298 3900 2400 3949 aut
2433 3890 2619 3950 nollet
2660 3897 2765 3949 aut
2805 3910 2927 3949 non

745 3975 960 4054 posset,
1015 3978 1105 4035 ira
1149 3984 1474 4036 commotus
1527 3976 1692 4035 illam
1736 3997 1783 4035 c.
1828 3977 1981 4035 XLI
2022 3985 2324 4055 tamquam
2376 3978 2645 4034 insanam
2695 3981 2925 4048 tractat,

748 4081 794 4119 c.
840 4061 1060 4119 XLIII
1116 4069 1313 4122 autem
1367 4066 1528 4121 omni
1580 4060 2036 4138 pulchritudinis
2079 4061 2255 4120 laude
2306 4062 2541 4138 privare
2593 4059 2787 4120 studet
2817 4055 2927 4118 in·

751 4148 1169 4225 eptissimeque
1222 4166 1354 4206 eam
1396 4166 1530 4207 cum
1574 4146 1795 4206 Lesbia
1847 4166 1954 4205 sua
1998 4146 2306 4223 conparari
2351 4142 2509 4203 dicit.
2579 4146 2686 4202 vix
2730 4153 2927 4204 autem

742 4239 940 4309 potest
987 4231 1234 4291 dubium
1279 4252 1405 4293 esse
1441 4233 1585 4311 quin
1633 4230 1749 4291 duo
1794 4231 1941 4291 haec
1984 4233 2045 4289 in
2084 4231 2424 4289 Ametinam
2467 4232 2764 4309 poematia
2805 4249 2927 4288 non
