3225 5171
1202 486 1660 530 PROLBGOMENA
2349 487 2517 529 LXVII

340 628 583 668 versum
640 607 922 685 Hugonis
974 605 1169 667 Grotii
1228 626 1333 685 pro
1385 606 1667 664 Tulliano
1727 605 2028 665 haberent.
2100 605 2205 665 sed
2263 627 2395 666 cum
2454 608 2518 664 in

343 695 597 753 Homeri
633 692 1006 765 carminibus,
1043 692 1183 751 licet
1207 690 1368 749 haud
1401 711 1533 750 raro
1570 690 1669 751 vel
1703 690 1830 749 bini
1858 690 2307 768 spondiazontes
2341 700 2519 770 atque

345 798 469 837 non
514 798 835 857 numquam
878 776 1025 836 adeo
1067 777 1266 855 plures
1311 779 1639 835 continuati
1682 778 1815 847 sint,
1868 775 2033 834 nulla
2071 783 2277 835 tamen
2318 795 2519 835 eorum

348 867 604 941 captatio
659 862 968 941 adpareat,
1021 861 1416 920 Antimachus
1462 860 1864 939 Colophonius
1914 864 2135 938 primus
2182 864 2308 920 eius
2355 861 2521 919 modi

346 949 720 1007 hexametros
755 950 987 1007 aurium
1023 946 1436 1006 oblectamenti
1471 965 1648 1004 causa
1683 945 2002 1004 adscivisse
2035 945 2288 1006 videtur.
2340 945 2520 1005 habet

348 1035 506 1092 enim
557 1053 663 1110 pro
714 1035 1012 1110 paucitate
1056 1030 1531 1108 fragmentorum>
1557 1031 1732 1089 nobis
1774 1039 2136 1091 servatorum
2178 1030 2518 1109 permultoS,

348 1121 742 1196 convenitque
777 1117 895 1175 tale
923 1116 1235 1175 artificium
1262 1136 1394 1176 cum
1427 1115 1603 1174 huius
1632 1123 1841 1193 poetae
1868 1115 2212 1174 rationibus.
2265 1118 2520 1174 maxime

344 1222 488 1263 vero
541 1201 970 1262 Alexandrinis
1022 1204 1209 1278 poetis
1262 1205 1388 1262 eius
1437 1203 1676 1278 generis
1736 1200 2104 1259 hexametros
2163 1204 2229 1259 in
2292 1200 2519 1259 deliciis

346 1287 531 1347 fuisse
566 1287 776 1346 calculi
811 1307 847 1345 a
880 1285 1225 1345 Ludwichio
1259 1306 1316 1364 p.
1355 1288 1431 1343 11
1463 1306 1514 1345 s..
1544 1284 1818 1345 subducti
1853 1285 2270 1344 demonstrant.
2332 1285 2520 1344 veluti

349 1371 748 1433 Callimachus
783 1374 847 1430 in
872 1371 1094 1449 hymno
1127 1373 1334 1449 primo,
1372 1372 1477 1449 qui
1510 1373 1840 1447 nonaginta
1876 1389 1981 1430 sex
2014 1389 2218 1430 versus
2254 1370 2519 1429 heroicos

350 1456 790 1536 conprehendit,
818 1477 939 1514 non
964 1458 1157 1515 minus
1184 1455 1650 1534 quattuordecim
1673 1455 1833 1513 binis
1860 1454 2138 1535 spondeis
2162 1456 2518 1528 terminavit,

343 1551 419 1602 ut
461 1551 659 1602 sextus
705 1543 954 1621 quisque
1005 1540 1128 1600 fere
1172 1543 1527 1619 septimusve
1568 1559 1772 1599 versus
1818 1542 1894 1599 sit
1936 1539 2305 1618 spondiacuS.
2376 1541 2519 1598 Era-

347 1627 635 1687 tosthenis
665 1625 1022 1704 Cyrenensis
1056 1624 1451 1701 fragmentum
1487 1624 1785 1704 quoddam
1817 1627 2089 1684 carminis
2127 1624 2285 1704 quod
2311 1621 2522 1701 Ἑρμῆς

346 1713 692 1790 inscriptum
710 1718 835 1770 erat
851 1732 908 1790 p.
931 1712 966 1766 2
987 1710 1318 1783 ed.Hiller.,
1338 1730 1394 1770 v.
1417 1710 1667 1769 20—35
1690 1705 1867 1784 (conf.
1889 1729 1945 1788 p.
1961 1709 2040 1767 56
2062 1707 2161 1787 ss.)
2179 1712 2334 1768 inter
2351 1712 2520 1789 quin-

349 1797 542 1856 decim
576 1798 944 1855 hexametros
982 1803 1203 1874 septem
1231 1795 1580 1875 spondiacos
1612 1796 1871 1872 praebet.
1931 1793 2331 1873 Euphorionis
2365 1799 2522 1854 inter

347 1882 629 1959 reliquias
666 1880 1076 1957 duodeviginti
1117 1899 1227 1939 nos
1262 1880 1499 1959 quidem
1534 1889 1694 1938 certa
1728 1877 2215 1958 spondiazontum
2250 1879 2521 1958 exempla

341 1971 806 2039 numeravimuS,
860 1973 1112 2044 suntque
1154 1966 1219 2023 in
1271 1967 1355 2024 eis
1398 1973 1517 2023 tres
1562 1966 1825 2023 continui
1870 1961 1951 2038 (n.
1997 1964 2248 2023 XXVII
2291 1964 2518 2038 Mein.).

354 2070 506 2130 quae
550 2072 680 2111 cum
723 2053 807 2110 ita
850 2053 985 2123 sint,
1042 2049 1297 2108 dubitari
1349 2050 1512 2108 nullo
1564 2047 1739 2107 modo
1790 2056 1984 2126 potest
2034 2051 2178 2126 quin
2230 2049 2373 2106 novi
2423 2050 2520 2106 isti

345 2145 559 2214 poetae
592 2135 813 2208 Latini,
853 2154 998 2214 quos
1029 2133 1235 2193 Cicero
1271 2134 1346 2193 ob
1382 2132 1731 2193 crebriorem
1766 2153 2041 2192 versuum
2067 2131 2519 2211 spondiacorum

342 2242 520 2281 usum
551 2220 788 2292 inridet,
833 2220 946 2278 hoc
981 2236 1213 2297 quoque
1248 2216 1561 2276 artificium
1595 2218 1671 2276 ab
1706 2216 2134 2276 Alexandrinis
2169 2219 2518 2296 acceperint.

349 2315 638 2386 quatenus
673 2313 869 2363 autem
894 2306 959 2362 in
995 2302 1328 2362 adhibendo
1366 2320 1434 2362 eo
1460 2304 1759 2380 progressi
1793 2304 1928 2375 sint,
1966 2302 2143 2361 hodie
2174 2323 2298 2361 non
2330 2311 2522 2381 potest

345 2393 465 2450 nisi
511 2410 545 2450 e
588 2388 811 2448 Catulli
856 2387 1211 2446 carminibus
1255 2389 1545 2464 cognosci.
1618 2390 1720 2467 qui
1772 2408 1905 2447 cum
1956 2391 2022 2446 in
2069 2386 2334 2447 distichis
2379 2387 2521 2447 duo-

324 2476 588 2534 'deciens
625 2472 949 2552 spondeum
990 2475 1053 2531 in
1091 2474 1354 2552 quintam
1391 2472 1588 2533 sedem
1622 2473 1950 2532 hexametri
1993 2471 2252 2547 admisit,
2295 2480 2421 2532 tum
2454 2475 2519 2532 in

324 2558 572 2640 'epyllio
619 2557 694 2619 de
735 2556 904 2619 Pelei
947 2565 1007 2618 et
1047 2557 1320 2619 Thetidis
1373 2560 1624 2638 nuptiis,
1679 2556 1836 2639 quod
1882 2556 2345 2637 quadringentos
2389 2568 2518 2618 octo

344 2666 554 2706 versus
590 2646 867 2717 continet,
903 2646 1146 2722 triginta
1181 2643 1528 2723 spondiacos
1566 2664 1693 2704 esse
1718 2643 1910 2703 voluit
1942 2644 2144 2723 ibique
2170 2653 2289 2703 tres
2323 2648 2520 2722 posuit

349 2733 658 2791 continuos
719 2726 798 2805 (v.
857 2727 1150 2804 78—80).
1230 2728 1381 2789 conf.
1434 2730 1482 2788 Ι.
1518 2730 1903 2788 Baumannus
1963 2731 2031 2787 in
2087 2738 2519 2807 programmate

345 2816 853 2892 Laudisbergensi
880 2818 1023 2873 anni
1054 2814 1234 2887 1881,
1263 2835 1319 2893 p.
1345 2814 1446 2872 XI
1472 2835 1534 2887 s.,
1564 2817 1668 2893 qui
1694 2816 1891 2872 omnia
1917 2813 2190 2890 exempla
2217 2832 2518 2872 enumera-

347 2906 452 2960 vit.
523 2900 860 2960 simillimae
903 2908 1099 2959 autem
1140 2900 1300 2958 haud
1345 2898 1524 2958 dubie
1574 2899 1818 2957 fuerunt
1857 2897 2214 2976 reliquorum
2260 2897 2518 2957 eiusdem

349 2993 543 3046 sectae
576 2987 852 3057 rationes,
889 3004 1241 3064 quamquam
1269 3004 1427 3042 nunc
1461 3003 1616 3042 unus
1643 2990 1871 3042 tantum
1902 2981 2131 3041 Cinnae
2166 2982 2518 3060 spondiacus

320 3085 323 3088 ·
349 3067 446 3146 (fr.
479 3072 512 3128 7
541 3070 610 3127 L.
646 3068 875 3144 Muell.)
908 3072 1167 3148 itemque
1200 3089 1354 3127 unus
1391 3068 1583 3127 duove
1617 3069 1903 3128 Varronis
1937 3067 2180 3126 Atacini
2216 3067 2305 3143 (in
2330 3069 2518 3126 Riesii

348 3162 457 3214 sat.
503 3154 765 3231 Menipp.
800 3155 1086 3213 Varronis
1127 3155 1295 3212 Reat.
1343 3153 1598 3213 editione
1642 3174 1700 3231 p.
1747 3154 1865 3211 261
1898 3149 1970 3226 s.)
2021 3161 2242 3212 extant.
2312 3156 2518 3212 tertius

343 3240 514 3299 locus
550 3258 664 3318 quo
702 3238 907 3297 Cicero
953 3238 1026 3297 de
1070 3239 1241 3297 novis
1281 3241 1472 3316 poetis
1516 3240 1874 3297 mentionem
1916 3240 2119 3297 iniecit
2163 3247 2251 3297 est
2292 3241 2357 3296 in
2393 3239 2515 3296 Tu-

347 3323 571 3384 sculan.
617 3321 830 3401 disput.
868 3322 969 3381 III
1006 3324 1082 3381 19
1122 3323 1220 3395 45,
1267 3343 1381 3401 quo
1416 3322 1545 3382 loco
1583 3323 1794 3382 adlatis
1835 3322 2215 3402 conpluribus
2248 3323 2517 3383 versibus

317 3425 426 3470 'ex
459 3410 649 3468 Ennii
682 3406 1101 3466 Andromacha
1134 3408 1294 3467 hunc
1326 3410 1389 3467 in
1433 3408 1671 3467 modum
1713 3413 1933 3487 pergit:
1980 3408 2039 3467 ‘o
2083 3416 2315 3487 poetam
2353 3428 2516 3485 egre-

318 3496 539 3573 ‘giuml
594 3512 949 3572 quamquam
992 3491 1066 3551 ab
1119 3492 1212 3551 his
1264 3494 1598 3553 cantoribus
1641 3494 2040 3572 Euphorionis
2092 3494 2516 3552 contemnitur.‘

350 3579 563 3659 quibus
598 3582 663 3636 in
698 3578 893 3636 verbis
930 3584 1067 3636 sunt
1099 3581 1202 3655 qui
1236 3585 1443 3656 putent
1477 3577 1819 3638 Ciceronem
1863 3578 1962 3637 vel
2002 3582 2178 3637 unice
2220 3578 2319 3638 vel
2352 3597 2518 3656 prae-

351 3667 522 3742 cipue
574 3662 646 3722 de
691 3661 967 3722 Cornelio
1013 3660 1189 3720 Gallo
1243 3664 1545 3739 cogitasse,
1600 3682 1774 3741 quem
1816 3662 2262 3740 Euphorioneos
2316 3662 2515 3738 elegos

352 3749 725 3826 conposuisse
787 3755 1053 3807 veterum
1113 3749 1463 3806 testimoniis
1523 3755 1765 3806 constat.
1853 3766 2059 3805 verum
2114 3746 2323 3806 Gallus
2374 3767 2518 3806 num

351 3835 524 3891 annis
562 3827 784 3909 709l45
834 3840 892 3891 et
939 3825 1192 3909 710s44,
1241 3832 1452 3911 quibus
1497 3833 1871 3892 Tusculanae
1915 3831 2339 3909 disputationes
2384 3852 2519 3891 con·

348 3920 606 3995 scriptae
650 3926 801 3989 sunt,
854 3921 975 3976 iam
1018 3919 1342 3975 innotuerit
1386 3916 1727 3993 ambiguum
1772 3924 1875 3988 est,
1920 3924 2171 3994 suntque
2216 3914 2518 3977 Ciceronis

350 4002 535 4062 verba
568 4004 653 4059 ita
687 4009 1005 4080 conparata
1039 4009 1105 4061 ut
1139 4001 1420 4079 adpareat
1455 4003 1779 4077 generatim
1815 4001 1901 4060 ibi
1934 4000 2171 4061 eosdem
2196 4003 2520 4079 significari

312 4103 317 4108 ’
352 4106 499 4167 quos
532 4087 676 4145 locis
712 4107 889 4166 supra
930 4086 1185 4146 laudatis
1229 4094 1529 4165 poetarum
1577 4106 1863 4145 novorum
1908 4088 2035 4145 sive
2075 4089 2186 4145 τῶν
2232 4084 2517 4163 νεωτέρων

351 4170 747 4250 adpellatione
806 4175 1115 4232 notaverit.
1196 4175 1410 4231 etenim
1474 4179 1844 4231 contemnere
1894 4171 2159 4230 Ennium
2218 4176 2347 4231 iure
2402 4173 2519 4230 dici

310 4285 313 4288 ·
348 4265 668 4335 potuerunt
703 4259 939 4316 omnino
977 4258 1031 4320 ei
1075 4259 1177 4338 qui
1213 4257 1286 4316 ab
1322 4257 1484 4317 illius
1521 4264 1646 4316 arte
1692 4255 2091 4332 discesserant,
2138 4267 2519 4335 cantoresque

2106 4352 2182 4395 E*
