3225 5171
1203 544 1399 585 PROLE
1406 543 1659 586 GOMENA
2336 545 2524 586 LXXXI

341 682 406 722 re
443 663 830 738 grammatica
882 667 942 720 et
992 662 1260 720 metrica'
1316 659 1392 736 (a.
1443 661 1651 739 1872),
1696 663 2050 722 Franciscus
2094 663 2403 723 Teufelius
2455 667 2518 723 in

343 746 569 805 dissert.
606 747 999 822 Friburgensi
1063 746 1164 805 ‘de
1219 746 1441 805 Catulli
1485 747 1718 805 Tibulli
1759 748 2055 826 Propertii
2106 749 2351 807 vocibus
2404 751 2521 808 sin-

343 831 673 909 gularibus’
713 829 788 906 (a.
821 831 1028 906 1872),
1068 831 1371 892 Gustavus
1400 831 1891 892 Overholthusius
1925 835 1990 891 in
2026 833 2251 893 dissert.
2286 834 2521 894 Gottin-

345 918 514 993 gensi
550 919 646 975 cui
680 915 886 975 titulus
922 924 1010 975 est
1047 915 1342 994 ‘syntaxis
1374 916 1749 976 Catullianae
1785 921 1982 996 capita
2018 918 2160 977 duo'
2199 917 2276 993 (a.
2309 917 2516 996 1875),

342 1002 702 1061 Benedictus
731 1001 1034 1078 Zieglerus
1070 1005 1135 1060 in
1170 1002 1616 1080 quaestionibus
1642 1003 1871 1062 selectis
1900 1002 1975 1062 de
2003 1003 2226 1063 Catulli
2252 1018 2519 1063 sermone

344 1086 651 1163 (Friburgi
686 1087 783 1144 Br.
820 1107 872 1145 a.
915 1083 1123 1161 1879),
1178 1087 1392 1165 quibus
1447 1086 1828 1163 adiungimus
1883 1086 2030 1147 duas
2083 1088 2519 1148 dissertationes

340 1171 636 1230 Halenses
674 1192 725 1229 a.
769 1172 926 1229 1881
969 1170 1173 1243 editas,
1211 1171 1455 1231 alteram
1493 1171 1560 1231 O.
1593 1173 2031 1232 Schneemanni
2068 1172 2167 1233 ‘de
2202 1173 2524 1232 verborum

347 1276 483 1314 cum
543 1256 1076 1335 praepositionibus
1139 1259 1589 1335 compositorum
1643 1257 1803 1335 apud
1855 1256 2155 1317 Catullum
2209 1259 2519 1317 Tibullum

340 1341 714 1420 Propertium
751 1343 1087 1415 structura',
1124 1341 1368 1400 alteram
1403 1343 1475 1400 Ε.
1512 1341 1925 1402 Duderstadtii
1963 1342 2063 1402 ‘de
2097 1345 2518 1421 particularum

341 1446 454 1485 usu
498 1425 658 1504 apud
694 1425 1036 1484 Catullum’.
1109 1426 1262 1486 conf.
1303 1429 1481 1486 etiam
1515 1427 1565 1487 I.
1604 1426 1877 1486 Suessius
1912 1430 1977 1486 in
2013 1439 2276 1487 actorum
2312 1431 2516 1488 semin.

340 1510 545 1588 philol.
581 1510 969 1586 Erlangensis
1004 1511 1119 1569 vol.
1156 1512 1205 1582 Ι,
1241 1533 1297 1590 p.
1338 1512 1416 1569 25
1437 1532 1481 1571 6.
1518 1519 1577 1571 et
1614 1513 1691 1570 32
1713 1533 1786 1571 66.
1856 1533 1997 1571 nam
2033 1507 2519 1592 Conradi'Hupii

341 1595 420 1655 de
474 1615 689 1672 genere
744 1595 979 1655 dicendi
1034 1557 1254 1656 Catulli
1316 1596 1648 1656 dissertatio
1701 1598 2184 1658 Monasteriensis
2238 1619 2289 1657 a.
2351 1601 2513 1657 1871

341 1681 642 1757 publicata
686 1681 906 1739 nullius
953 1690 1040 1740 est
1081 1683 1273 1758 pretii,
1317 1684 1542 1789 vixque
1583 1681 1794 1741 melius
1835 1682 2123 1742 iudicium
2166 1684 2295 1742 fieri
2328 1692 2519 1762 potest

343 1765 418 1825 de
453 1767 713 1842 Augusti
750 1765 994 1825 Couat
976 1787 1039 1823 111
1075 1765 1224 1825 libro
1265 1748 1488 1826 ι11111116
1533 1787 1635 1826 sur
1680 1766 1941 1826 Catullc’
1987 1768 2257 1844 (Parisiis
2304 1765 2515 1844 1875),

339 1871 399 1928 p.
432 1851 551 1908 285
575 1871 646 1909 66.
685 1851 1244 1910 observationibus
1226 1873 1289 1910 111
1327 1871 1398 1911 ea
1429 1872 1494 1911 re
1522 1853 1915 1912 versantibus.
1967 1857 2088 1911 iam
2117 1873 2249 1912 cum
2278 1855 2516 1932 singula

344 1954 498 2013 quae
532 1938 597 1993 in
633 1955 898 1996 sermone
929 1935 1266 1995 Catulliano
1303 1937 1658 1996 notabiliora
1691 1937 1971 1996 videntur
2003 1940 2377 2017 maximeque
2414 1961 2518 1997 an-

340 2022 634 2099 tiquitatis
687 2023 941 2099 vestigia
991 2024 1056 2080 111
1108 2020 1303 2080 indice
1354 2024 1738 2098 grammatico
1791 2022 1930 2080 huic
1982 2021 2227 2081 editioni
2279 2023 2514 2083 adnexo

339 2124 449 2182 per
481 2106 808 2165 litterarum
854 2105 1117 2164 ordinem
1153 2105 1429 2163 indicatis
1466 2109 1793 2164 carminum
1827 2126 2221 2186 versuumque
2256 2112 2514 2167 numeris

341 2193 764 2268 conposuerim‚
810 2190 922 2248 hoc
964 2190 1094 2248 loco
1139 2209 1291 2268 quae
1335 2190 1414 2248 ad
1457 2192 1795 2249 universam
1837 2211 1961 2250 rem
2003 2200 2161 2252 recte
2204 2195 2516 2252 aestiman-

341 2274 477 2333 dam
513 2277 812 2352 pertinent
846 2287 1024 2353 quam
1057 2274 1400 2334 brevissime
1428 2274 1557 2334 fieri
1589 2283 1784 2352 potest
1811 2277 2101 2355 conplecti
2126 2278 2278 2336 volo.
2331 2280 2516 2354 igitur

341 2358 611 2418 Catullus
647 2361 959 2436 asperitate
993 2361 1173 2437 prisci
1207 2362 1490 2418 sermonis
1526 2360 1756 2420 abiecta
1797 2369 1998 2421 tamen
2034 2362 2260 2440 aliquot
2293 2362 2513 2424 formas

337 2446 464 2503 eius
499 2446 742 2502 retinuit
775 2447 990 2521 partim
1026 2452 1091 2501 ut
1120 2446 1291 2503 certis
1326 2445 1680 2524 quibusdam
1707 2454 2024 2505 metrorum
2059 2449 2373 2524 generibus
2410 2457 2514 2508 aut

336 2549 483 2589 sono
529 2528 895 2607 quorundam
942 2531 1267 2588 carminum
1319 2533 1634 2609 praecipue
1688 2539 1871 2610 aptas,
1926 2535 2144 2611 partim
2188 2533 2510 2594 cottidiano

335 2635 451 2674 usu
496 2617 674 2673 etiam
719 2621 843 2673 tum
886 2616 1053 2674 tritas
1090 2624 1151 2675 et
1191 2616 1266 2675 ab
1313 2618 1675 2696 insequentis
1712 2617 1949 2677 demum
1983 2621 2260 2697 temporis
2296 2623 2512 2679 severi-

335 2708 455 2758 tate
493 2702 617 2759 sive
653 2702 891 2759 omnino
925 2700 1263 2779 repudiatas
1301 2703 1425 2760 sive
1460 2704 1798 2780 parcissime
1834 2701 2134 2762 admissas.
2197 2706 2323 2763 eius
2349 2705 2510 2765 modi

335 2786 487 2857 sunt,
541 2792 609 2843 ut
652 2806 688 2843 a
730 2785 925 2844 verbis
972 2786 1285 2859 ordiamur,
1339 2786 1621 2845 infinitivi
1669 2791 1897 2845 citarier
1940 2792 2305 2864 conpararier
2346 2793 2513 2848 nitier

337 2873 653 2945 componier,
689 2872 1074 2948 imperativus
1097 2874 1225 2944 face
1243 2870 1367 2946 (cui
1402 2873 1727 2930 contrarius
1755 2880 1843 2931 est
1875 2876 2033 2946 inyer
2059 2872 2137 2931 ad
2172 2873 2510 2949 analogiam

336 2954 561 3013 formae
597 2975 748 3032 quae
794 2963 883 3014 est
919 2958 1018 3029 fac
1058 2956 1537 3036 reliquarumque
1573 2953 1809 3030 dictus),
1854 2958 2198 3034 imperfecta
2242 2961 2508 3017 audibant

336 3040 682 3097 custodibant
726 3042 958 3112 scibant,
1010 3041 1273 3117 perfecta
1317 3044 1475 3098 tetuli
1517 3043 1788 3115 deposivit
1831 3049 2010 3121 atque
2052 3061 2160 3121 per
2204 3063 2507 3123 syncopen

332 3125 648 3183 imminuta
690 3125 849 3181 duoeti
889 3128 1033 3182 luaeti
1070 3127 1221 3183 misti
1261 3127 1541 3201 subrepsti
1590 3145 1725 3183 cum
1777 3127 2072 3186 infinitivo
2119 3132 2397 3203 promisse
2449 3139 2509 3190 et

331 3207 535 3267 futuro
573 3207 829 3267 secundo
866 3228 1112 3285 recepsO,
1157 3211 1370 3289 quibus
1405 3210 1725 3269 subicimus
1760 3211 1961 3290 paullo
1998 3212 2232 3273 diversa
2266 3214 2507 3293 quidem

331 3295 578 3365 ratione,
617 3291 721 3351 sed
755 3292 960 3352 itidem
994 3303 1227 3353 vetusta
1253 3298 1404 3354 tristi
1435 3304 1496 3354 et
1529 3299 1663 3353 sirzs
1693 3304 1752 3356 et
1777 3300 1998 3369 iuerint‚
2036 3297 2251 3358 deinde
2276 3311 2507 3402 postast

332 3399 439 3457 pro
467 3381 730 3454 positast,
767 3399 940 3456 porro
976 3382 1160 3436 tardet
1193 3400 1300 3458 pro
1336 3383 1530 3439 tardat
1563 3384 1701 3457 (etsi
1733 3380 1883 3441 illud
1917 3382 2093 3442 hodie
2119 3404 2241 3443 11011
2275 3387 2505 3445 inveni-

331 3471 429 3521 tur
472 3461 660 3539 alibi),
708 3466 845 3520 lavit
886 3483 992 3541 pro
1029 3467 1204 3536 lavat,
1241 3476 1534 3541 poteretur
1566 3487 1672 3544 pro
1700 3470 2000 3543 potiretur,
2047 3472 2203 3544 potis
2240 3480 2322 3527 est
2347 3474 2508 3546 potis

333 3552 406 3605 sit
438 3569 544 3626 pro
581 3558 770 3623 potest
808 3551 993 3624 possit
1037 3557 1096 3606 et
1133 3559 1267 3624 pote
1309 3571 1430 3609 non
1477 3550 1679 3610 addito
1715 3552 1895 3611 verbo
1932 3552 2112 3612 ‘esse’
2148 3573 2255 3632 pro
2292 3565 2501 3630 potest.

330 3632 411 3691 ad
445 3636 687 3691 nomina
722 3632 1092 3692 substantiva
1126 3633 1286 3712 quod
1321 3638 1548 3708 attinet,
1585 3644 1819 3714 praeter
1852 3644 2073 3696 rectum
2109 3658 2311 3697 casum
2346 3641 2503 3696 labos

329 3718 623 3778 ablativos
662 3722 834 3795 capiti
868 3721 1040 3776 classi
1072 3722 1188 3776 rati
1219 3723 1391 3793 unyui
1424 3720 1760 3779 adferimus
1830 3724 2244 3799 pronominum
2278 3722 2504 3784 formae

330 3810 538 3861 notatu
573 3803 792 3880 dignae
828 3806 958 3878 quoi
991 3803 1242 3877 dativuS,
1292 3808 1416 3879 quis
1451 3804 1685 3863 dativus
1723 3814 1780 3865 et
1814 3805 2125 3879 ablativuS‚
2164 3811 2261 3882 qui
2293 3808 2506 3868 ablati-

330 3908 457 3961 vae,
496 3891 710 3963 quicum
744 3909 850 3966 pro
878 3908 1106 3964 quocum
1132 3898 1478 3967 et’quacum,
1514 3893 1622 3948 alis
1650 3893 1771 3947 alid
1791 3893 2160 3965 nominativi,
2196 3896 2296 3951 uni
2326 3913 2503 3971 gene-

330 3974 506 4045 tivus,
541 3993 648 4031 une
678 3976 1000 4033 vocativus.
1072 3974 1486 4035 adverbiorum
1513 3978 1739 4051 puriter
1770 3979 2043 4034 miscriter
2069 3980 2257 4053 penite
2289 3999 2498 4038 rusum.

328 4077 536 4117 verum
587 4078 707 4117 non
759 4058 949 4117 solum
1002 4059 1226 4120 formae
1277 4060 1607 4133 verborum,
1663 4059 1768 4120 sed
1820 4063 1998 4120 etiam
2049 4063 2231 4123 verba
2282 4068 2502 4125 vetusti

330 4143 614 4203 sermonis
639 4146 878 4222 propria
901 4148 1292 4222 reperiuntur,
1321 4144 1523 4224 qualia.
1549 4153 1689 4204 sunt
1714 4149 1987 4205 antistare
2005 4151 2186 4223 apisci
2210 4152 2502 4226 discupere

331 4248 521 4286 seuere
555 4231 844 4286 sustollere
878 4249 1013 4288 cum
1057 4230 1505 4310 frequentativis
1542 4240 1772 4289 auctare
1810 4234 2245 4292 circumcursare
2280 4238 2499 4309 quaeri-

326 4323 472 4384 tare,
509 4333 680 4390 porro
711 4315 1034 4383 J‘leoeanimus
1062 4322 1120 4375 et
1145 4319 1402 4393 postilla.
1455 4318 1519 4375 in
1546 4315 1868 4398 eodemque
1901 4338 2143 4379 numero
2179 4321 2505 4379 maximam

439 4408 631 4450 Catullus
2128 4417 2166 4457 Ε*
