3225 5171
861 454 948 521 36

743 1529 848 1585 ab

755 2075 862 2130 mo

765 2618 869 2676 Zffi

762 3159 886 3218 2ffl)

757 3707 893 3762 5m5

766 4250 899 4305 4230

1722 447 2060 507 CATULLI

1292 594 1375 661 at,
1411 579 1655 653 marite,
1691 575 1778 639 ita
1814 595 1916 637 me
1953 571 2173 634 iuvent

1420 673 1693 747 caelites,
1725 668 1925 732 nihilo
1960 664 2169 728 minus

1425 767 1644 854 pulcer
1678 785 1767 839 es,
1803 781 2009 843 neque
2043 768 2107 821 te
2141 758 2364 820 Venus

1297 862 1598 948 neglegit.
1688 853 1800 921 sed
1834 852 1970 918 abit
2002 851 2165 915 dies:

1423 975 1641 1040 perge,
1676 972 1758 1015 ne
1792 965 2130 1011 remorare.

1299 1150 1432 1193 non
1467 1125 1575 1189 diu
1611 1127 1965 1186 remoratus
2001 1137 2092 1191 eS‚

1424 1220 1549 1283 iam
1586 1214 1786 1279 venis,
1874 1210 2044 1273 bona
2078 1217 2141 1271 te
2175 1207 2399 1269 Venus

1429 1309 1678 1383 iuverit,
1716 1304 2016 1389 quoniam
2052 1300 2261 1385 palam

1304 1406 1476 1492 quod
1512 1402 1694 1487 cupis
1731 1399 1908 1483 cupis
1946 1407 2011 1461 et
2044 1395 2284 1457 bonum

1436 1521 1565 1563 non
1602 1491 1937 1559 abscondis
1974 1508 2272 1553 amorem.

1311 1672 1419 1736 ille
1454 1664 1733 1754 pulveris
1769 1659 1979 1725 Africi

1442 1762 1846 1840 siderumque
1885 1749 2251 1817 micantium

1445 1854 1761 1921 subducat
1793 1868 2130 1913 numerum
2165 1841 2363 1926 prius,

1319 1953 1428 2037 qui
1464 1947 1660 2013 vostri
1692 1962 2027 2008 numerare
2062 1937 2194 2002 volt

1451 2044 1651 2108 multa
1685 2038 1859 2103 milia
1892 2032 2046 2099 ludi.

1319 2217 1519 2283 ludite
1554 2222 1628 2276 ut
1659 2210 1856 2284 lubet,
1900 2216 1963 2271 et
1994 2200 2175 2268 brevi

1451 2308 1683 2372 liberos
1720 2303 1887 2365 date.
1958 2319 2086 2362 non
2121 2294 2305 2358 decet

1448 2413 1583 2464 tam
1617 2408 1800 2462 vetus
1838 2393 1972 2459 sine
2005 2388 2219 2456 liberis

1327 2519 1558 2562 nomen
1595 2514 1754 2566 esse,
1791 2488 1906 2554 sed
1938 2485 2218 2550 indidem

1457 2609 1706 2672 semper
1740 2579 2117 2668 ingenerari.

1333 2763 1698 2843 Torquatus
1735 2754 1877 2818 volo
1914 2748 2215 2837 parvulus

1461 2852 1679 2918 matris
1716 2872 1751 2913 e
1787 2845 2026 2932 gremio
2063 2863 2215 2906 suae

1465 2946 1793 3033 porrigens
1826 2953 2076 3005 teneras
2113 2955 2336 2998 manus

1341 3044 1527 3108 dulce
1562 3039 1766 3103 rideat
1801 3034 1882 3121 ad
1915 3042 2160 3118 patrem

1472 3132 1842 3199 semihiante
1875 3126 2125 3192 labello,

1346 3307 1427 3372 sit
1463 3325 1576 3369 suo
1616 3299 1835 3366 similis
1872 3295 2036 3382 patri

1444 3395 1719 3486 =Manlio
1757 3403 1818 3458 et
1854 3388 2039 3454 facile
2075 3384 2287 3450 insciis

1473 3489 1818 3554 noscitetur
1852 3484 1934 3548 ab
1971 3479 2262 3546 omnibus

1242 3628 1249 3635 -
1353 3597 1417 3652 et
1450 3582 1822 3670 pudicitiam
1860 3599 2012 3642 suae
2085 3595 2096 3609 ⁴

1478 3676 1698 3742 matris
1731 3673 1968 3738 indicet
2002 3691 2129 3734 ore.

1353 3850 1496 3914 talis
1531 3847 1700 3912 illius
1736 3869 1775 3908 a
1810 3845 1979 3909 bona

1479 3954 1682 4008 matre
1716 3941 1855 4004 laus
1890 3958 2097 4022 genus
2131 3930 2459 4018 adprobet,

1485 4037 1700 4122 qualis
1727 4034 1916 4097 unica
1951 4030 2033 4095 ab
2069 4027 2306 4113 optima

1358 4143 1558 4197 matre
1594 4125 1978 4195 Telemacho
2014 4131 2229 4186 manet

1483 4225 1656 4289 fama
1689 4220 2071 4304 PenelopeO.
