3225 5171
1186 460 1643 503 PROLEGOMENA
2296 460 2506 503 LXXVII

327 580 756 658 conpositionis
789 580 1079 637 rationem
1105 578 1179 637 ab
1205 580 1534 638 imitatione
1558 579 1698 638 Teii
1730 585 1941 657 poetae
1972 584 2277 657 repeteret.
2328 596 2505 658 quem

311 665 596 724 ciusdem
633 665 807 723 metri
835 663 1101 741 strophas
1128 663 1339 723 fecisse
1374 664 1530 723 binis
1556 667 1891 742 systematis
1918 663 2185 724 diversae
2210 666 2506 740 magnitu-

332 750 489 809 dinis
545 756 878 808 constantes
921 767 1157 808 carmen
1199 751 1263 806 in
1312 749 1572 807 Dianam
1618 746 1712 822 (fr.
1754 747 1815 826 1)
1861 748 2132 821 ostendit,
2187 750 2302 806 nisi
2346 748 2507 827 quod

332 836 419 895 ibi
453 836 664 913 prioris
709 851 944 912 quoque
987 835 1317 909 systematis
1354 833 1490 893 finis
1525 834 1781 893 catalexi
1814 840 2049 893 notatus
2078 840 2179 893 est.
2252 832 2506 912 denique

330 922 399 979 in
434 918 793 978 carminibus
827 917 1130 976 maledicis
1159 917 1426 978 Catullus
1452 919 1765 978 manifesto
1792 926 2020 978 veteres
2055 918 2507 996 iambographos

330 1006 450 1064 sibi
490 1005 796 1082 proposuit
836 1002 1170 1076 imitandos,
1224 1012 1478 1082 suntque
1521 1005 1587 1062 in
1630 1004 1750 1062 illis
1793 1024 1914 1064 non
1956 1003 2124 1063 nulla
2168 1022 2320 1081 quae
2367 1022 2508 1061 vere

329 1089 682 1149 Archilochi
716 1090 944 1147 animos
979 1090 1308 1165 exprimere
1345 1088 1522 1162 dicas,
1559 1091 1625 1148 in
1658 1090 1864 1167 primis
1900 1091 2165 1147 carmina
2195 1088 2422 1146 XXIX
2448 1095 2509 1146 et

334 1175 475 1234 LII.
545 1181 724 1252 atque
766 1176 831 1232 in
874 1173 987 1231 hoc
1029 1173 1267 1253 quidem
1317 1181 1494 1252 poeta
1537 1176 1717 1233 etiam
1768 1175 2062 1233 trimetros
2115 1176 2218 1252 qui
2271 1174 2505 1250 proprie

329 1258 703 1318 Archilochii
736 1258 1012 1317 dicuntur
1045 1258 1329 1330 adhibuit,
1368 1278 1501 1317 cum
1534 1261 1600 1317 in
1625 1258 1730 1318 illo
1758 1265 2093 1318 constanter
2126 1258 2339 1317 iambis
2365 1277 2505 1315 usus

333 1346 416 1403 sit
467 1342 727 1422 spondeo
772 1363 894 1402 non
939 1342 1193 1402 admisso
1236 1345 1351 1401 nisi
1395 1344 1578 1403 semel
1621 1345 1791 1402 initio
1835 1362 2041 1402 versus
2088 1344 2124 1401 3
2160 1344 2227 1401 in
2269 1345 2507 1401 nomine

334 1431 573 1508 proprio
609 1429 781 1487 aliter
813 1429 1010 1488 versui
1045 1448 1166 1487 non
1201 1436 1354 1507 apto.
1426 1428 1633 1488 eadem
1669 1431 1951 1488 severitas
1985 1430 2050 1487 in
2083 1427 2343 1505 phaselo,
2381 1447 2506 1485 car-

336 1515 499 1572 mine
523 1512 701 1590 longe
730 1513 949 1572 diversi
975 1515 1225 1589 generiS,
1245 1513 1558 1586 obtinetur,
1580 1533 1690 1573 nec
1717 1512 1978 1573 dubitari
2003 1522 2196 1591 potest
2223 1514 2368 1591 quin
2391 1511 2508 1570 hac

332 1598 578 1678 quidem
613 1600 674 1656 in
711 1617 776 1657 re
807 1597 1283 1658 Alexandrinum
1311 1596 1581 1657 Catullus
1617 1597 1952 1676 exemplum
1987 1607 2219 1657 secutus
2257 1599 2347 1655 sit.
2402 1596 2508 1655 sed

336 1682 682 1744 Archilochi
716 1684 1057 1741 memoriam
1091 1683 1386 1742 interdum
1413 1685 1591 1741 etiam
1620 1683 1889 1759 singulae
1912 1683 2271 1743 Veronensis
2298 1688 2507 1760 poetae

334 1770 665 1828 sententiae
699 1768 871 1826 nobis
906 1767 1197 1827 adferunt.
1285 1769 1373 1827 sic
1406 1770 1686 1827 carminis
1719 1769 1866 1828 LVI
1899 1768 2178 1827 versiculi
2211 1768 2387 1846 primi
2424 1764 2504 1826 ‘O

334 1873 464 1914 rem
513 1851 848 1922 ridiculam,
906 1852 1079 1925 Cat0,
1144 1861 1204 1912 et
1252 1855 1505 1912 iocosam
1559 1854 1942 1932 Dignamque
1985 1853 2225 1911 auribus
2286 1861 2347 1911 et
2404 1859 2505 1910 tuo

333 1938 654 1997 cachinno’
709 1936 994 1996 simillimi
1036 1946 1174 1997 sunt
1222 1940 1350 1997 istis
1399 1931 1784 2014 Ἐρασμονίδη
1833 1932 2126 2012 Χαρίλαε,
2178 1930 2372 2013 χρῆμά
2415 1955 2507 1994 τοι

335 2021 562 2101 γελοῖον
594 2015 786 2097 Ἐρέω,
822 2014 972 2079 πολὺ
1004 2015 1240 2098 φίλταθ’
1262 2017 1521 2097 ἑταίρων,
1558 2017 1803 2098 τέρψεαι
1831 2014 1886 2080 δ’
1910 2015 2137 2079 ἀκούων
2166 2019 2261 2095 (fr.
2293 2021 2371 2078 79
2393 2019 2504 2094 B.),

337 2111 599 2186 itemque
634 2108 910 2166 carminis
943 2108 1059 2165 XL
1095 2127 1231 2184 pars
1276 2108 1435 2185 prior
1469 2108 1948 2185 conparationem
1982 2106 2161 2164 habet
2196 2125 2329 2163 cum
2361 2106 2506 2163 iam-

305 2194 431 2252 -bis
466 2194 786 2251 notissimis
821 2199 1027 2250 contra
1057 2191 1405 2269 Lycamben
1440 2193 1669 2269 scriptis
1705 2187 1800 2266 (fr.
1840 2192 1937 2249 94.
1975 2189 2130 2251 conf.
2166 2192 2344 2249 etiam
2381 2185 2504 2264 95).

335 2277 430 2336 his
475 2276 962 2337 similitudinibus
1006 2278 1126 2333 iam
1161 2296 1198 2333 a
1231 2274 1534 2352 Scaliger-o
1579 2283 1639 2335 et
1672 2275 2041 2354 Westphalio
2084 2274 2359 2334 indicatis
2393 2283 2507 2334 ter-

332 2364 484 2420 tiam
544 2361 815 2419 addimus
877 2380 914 2417 a
973 2362 1210 2419 nemine
1271 2359 1465 2419 adhuc
1518 2360 2005 2420 animadversam.
2091 2363 2157 2418 in
2208 2359 2506 2420 veteribus

333 2446 576 2507 scholiis
612 2445 690 2503 ad
722 2445 1020 2523 Lycophr.
1055 2443 1233 2505 Alex.
1266 2466 1322 2504 v.
1363 2446 1504 2519 771,
1539 2466 1597 2525 p.
1639 2447 1761 2504 140
1793 2445 1983 2505 Kink.
2017 2445 2199 2505 haece
2232 2444 2505 2521 legimus,

334 2527 397 2591 οἱ
434 2524 496 2589 δὲ
530 2524 780 2607 μῦκλους
824 2521 966 2630 φασὶ
1009 2521 1145 2598 τοὺς
1180 2535 1533 2610 naccum-spere
1565 2526 1648 2599 εἰς
1680 2536 1979 2610 γυναῖκας·
2027 2524 2247 2607 εἴρηται
2284 2524 2346 2589 δὲ
2382 2521 2505 2588 ἀπὸ

333 2609 469 2684 ἑνὸς
503 2610 747 2675 Μῦκλου
782 2614 1030 2692 αυλητοῦ
1061 2613 1516 2692 κωμῳδηθέντος
1547 2610 1662 2675 ὑπὸ
1694 2611 2020 2694 Ἀρχιλόχου
2048 2609 2141 2675 ἐπὶ
2168 2610 2503 2692 μαχλότητι,

335 2701 498 2761 unde
531 2719 722 2781 paene
756 2700 832 2760 ad
868 2701 1114 2762 verbum
1149 2705 1516 2780 transcripsit
1549 2703 1789 2762 Tzetza.
1852 2721 2006 2781 quae
2040 2723 2161 2761 non
2194 2720 2506 2780 possumus

336 2788 456 2846 nisi
480 2789 564 2846 sic
589 2786 934 2864 intellegere
959 2794 1027 2845 ut
1049 2786 1472 2846 Archilochum
1506 2788 1738 2845 tibicini
1765 2787 2015 2859 cuidam,
2053 2787 2277 2846 homini
2304 2786 2502 2857 salaci,

336 2874 799 2949 ignominiosum
832 2891 1047 2931 nomen
1084 2866 1342 2942 Μύκλος,
1387 2872 1720 2931 derivatum
1753 2871 1817 2929 id
1851 2892 1888 2929 a
1921 2866 2122 2946 μύκης,
2158 2870 2317 2950 quod
2351 2872 2507 2929 inter

336 2957 461 3016 alia
503 2957 801 3034 significat
843 2950 910 3015 τὸ
956 2952 1175 3014 αἰδοῖον
1221 2958 1323 3014 τοῦ
1369 2950 1690 3031 ἀνθρώπου
1736 2954 2151 3032 (Choerobosc.
2189 2956 2240 3028 I,
2285 2976 2341 3033 p.
2384 2956 2501 3012 139

334 3039 557 3116 Gaisf.)
593 3059 779 3119 eaque
821 3043 886 3098 vi
918 3040 994 3099 ab
1038 3043 1166 3119 ipso
1200 3039 1559 3099 Archilocho
1595 3049 1942 3119 usurpatum
1976 3049 2066 3100 est
2098 3037 2194 3116 (fr.
2230 3038 2357 3114 47),
2399 3059 2507 3118 per

335 3125 661 3185 ludibrium
703 3123 988 3184 indidisse
1031 3133 1373 3196 statuamus,
1416 3127 1835 3204 perspexitque
1874 3125 1940 3184 id
1979 3128 2101 3184 iam
2132 3125 2506 3201 Hartungius

333 3214 404 3271 in
446 3209 557 3289 lyr.
596 3209 805 3269 Graec.
842 3209 978 3293 edit.
1016 3211 1091 3282 V,
1126 3231 1183 3289 p.
1222 3212 1320 3268 92.
1389 3209 1549 3289 quod
1593 3230 1727 3269 cum
1782 3213 1868 3269 ita
1911 3213 2004 3284 sit,
2056 3228 2255 3271 nonne
2296 3209 2507 3289 proba-

336 3296 478 3356 bilis
524 3300 613 3354 est
655 3295 907 3372 suspicio
941 3295 1104 3354 Parii
1148 3302 1357 3373 poetae
1401 3295 1672 3374 exemplo
1715 3294 1940 3355 factum
1975 3315 2101 3356 esse
2134 3301 2202 3353 ut
2236 3294 2506 3355 Catullus

340 3381 681 3440 Mamurrae
720 3380 960 3437 inimico
1004 3372 1226 3438 infame
1259 3378 1564 3439 Mentulae
1598 3399 1817 3441 nomen
1859 3378 2209 3460 inponeret?
2278 3380 2506 3458 Hippo-

338 3467 529 3525 nactis
581 3483 724 3524 vero
768 3462 1029 3523 studium
1071 3463 1319 3543 prodere
1370 3464 1650 3524 videntur
1699 3468 2022 3525 tetrametri
2064 3466 2305 3524 iambici
2349 3474 2507 3523 cata-

338 3551 537 3610 lectici
578 3551 644 3608 in
689 3570 736 3607 c.
772 3548 959 3626 XXV
1003 3556 1062 3607 et
1104 3550 1351 3609 trimetri
1395 3549 1592 3608 claudi
1636 3553 1702 3610 in
1746 3560 1875 3610 octo
1912 3551 2269 3609 carminibus
2304 3549 2509 3625 (VIII.

335 3636 551 3694 XXII.
586 3634 828 3693 XXXI.
864 3633 1198 3693 XXXVII.
1232 3634 1536 3693 XXXIX.
1572 3635 1798 3694 XLIV.
1832 3635 2001 3693 LIX.
2036 3633 2177 3711 LX)
2206 3655 2243 3692 a
2272 3634 2506 3693 Catullo

338 3720 607 3779 adhibiti.
680 3739 1035 3799 quamquam
1072 3721 1213 3778 satis
1247 3719 1537 3778 lubricum
1574 3739 1702 3778 esse
1737 3720 1990 3778 fatemur
2023 3740 2098 3779 ex
2134 3721 2332 3790 metris
2368 3718 2508 3777 solis

339 3805 488 3864 talia
530 3804 896 3877 concludere,
943 3806 1224 3883 quoniam
1266 3803 1548 3882 pleraque
1593 3824 1792 3863 eorum
1838 3807 2013 3864 etiam
2050 3803 2209 3882 apud
2242 3803 2509 3862 Alexan-

339 3890 545 3949 drinos
596 3898 798 3969 poetas
851 3892 916 3949 in
968 3909 1080 3948 usu
1129 3888 1386 3947 fuerunt.
1457 3897 1636 3967 atque
1686 3890 1751 3947 in
1806 3908 1874 3949 6ο
1929 3898 2086 3948 certe
2128 3889 2508 3967 Hipponacte

340 3976 602 4036 severior
636 3983 725 4034 est
758 3974 1029 4035 Catullus
1074 3973 1234 4053 quod
1268 3976 1333 4032 in
1367 3976 1585 4033 senarii
1621 3973 1818 4033 claudi
1853 3974 2050 4035 sedem
2085 3973 2509 4051 paenultimam

343 4080 467 4120 non
511 4059 745 4119 admisit
787 4062 903 4119 nisi
944 4059 1225 4131 iambum,
1280 4078 1401 4137 qua
1440 4061 1504 4117 in
1546 4076 1610 4118 re
1653 4058 1816 4117 haud
1861 4059 2039 4118 dubie
2075 4058 2509 4119 Callimachum

342 4144 672 4205 aemulatus
701 4152 804 4218 est,
844 4146 1009 4204 cuius
1036 4145 1137 4224 qui
1164 4144 1336 4203 nobis
1366 4145 1585 4203 servati
1609 4152 1749 4202 sunt
1772 4153 2072 4204 scazontes
2102 4144 2348 4204 eandem
2377 4144 2509 4202 dili-

344 4231 609 4309 gentiam
657 4230 974 4290 ostendunt
1009 4262 1093 4272 ——
1126 4249 1247 4288 non
1284 4231 1442 4290 enim
1477 4227 1807 4289 audiendus
1843 4228 1912 4290 Ο.
1950 4228 2360 4304 Schneiderus,
2404 4231 2513 4307 qui
2627 4301 2634 4310 ,
