3225 5171
1323 377 1517 418 PROLE
1523 377 1776 420 GOMENA
2386 381 2638 446 LXXXVII

464 503 663 575 petam
715 496 1064 556 translatum
1117 516 1164 555 6.
1200 497 1477 557 LXVIII
1516 498 1638 554 124
1694 492 1871 571 (conf.
1925 497 2247 556 Lorenzius
2302 497 2378 556 ad
2428 499 2635 558 Plauti

467 581 719 641 Mostell.
760 583 881 639 819
902 603 945 641 s.
984 590 1044 641 et
1075 584 1142 640 in
1175 580 1358 660 praef.
1397 580 1518 639 mil.
1555 581 1702 658 glor.
1742 602 1797 660 p.
1838 579 1960 656 61).
2031 585 2416 642 inveniuntur
2452 588 2634 644 etiam

464 686 588 726 non
630 666 796 725 nulla
841 670 905 725 in
949 666 1042 724 his
1087 665 1442 725 carminibus
1488 686 1642 745 quae
1685 666 2014 725 sublimiori
2053 671 2220 745 poesi
2254 689 2463 748 parum
2499 689 2634 728 con-

466 753 714 812 veniant
764 773 885 810 non
928 759 996 810 ut
1036 770 1143 830 per
1188 770 1250 811 se
1293 751 1557 823 humilia,
1614 750 1719 810 sed
1762 759 1960 810 tamen
1994 759 2061 810 ut
2095 752 2319 812 solutae
2356 757 2633 814 orationis

464 841 721 916 propria,
759 857 850 897 ex.
881 857 966 913 gr.
988 857 1268 912 persaepe
1303 836 1652 911 adverbium
1689 857 1735 895 c.
1763 836 1972 896 LXIV
2010 837 2149 908 340,
2187 840 2237 894 is
2271 841 2635 917 pronominis

464 943 636 981 casus
683 922 908 1000 obliqui
961 942 1149 979 earum
1194 930 1252 981 et
1295 943 1412 980 eam
1456 940 1503 979 6.
1541 920 1762 979 LXIII
1799 921 1879 978 54
1925 928 1984 979 et
2027 921 2235 982 LXIV
2274 924 2411 995 122,
2460 932 2637 1003 atque

464 1007 617 1066 illud
653 1009 803 1082 quod
838 1026 956 1064 eum
991 1011 1071 1065 ita
1107 1009 1199 1079 sit,
1236 1010 1402 1065 nolim
1436 1016 1659 1075 statuas·
1686 1008 1751 1065 in
1780 1026 1826 1064 c.
1846 1005 2124 1065 LXVIII
2144 1008 2242 1078 37,
2281 1029 2638 1088 quamquam

464 1092 605 1151 huic
647 1094 901 1150 siccitati
945 1091 1172 1171 aliquid
1216 1093 1610 1151 excusationis
1653 1091 1797 1150 inde
1838 1100 2108 1170 paratum
2156 1099 2243 1152 est
2288 1093 2447 1171 quod
2490 1095 2638 1153 haec

464 1177 693 1254 elegiae
729 1197 863 1256 pars
897 1175 1145 1235 formam
1173 1177 1352 1237 habet
1380 1177 1682 1256 epistulae.
1737 1175 1999 1235 notanda
2026 1185 2114 1235 est
2146 1197 2317 1255 porro
2347 1179 2639 1258 quaedam

464 1264 530 1320 in
586 1261 980 1322 declinatione
1039 1264 1343 1321 nominum
1397 1261 1757 1321 Graecorum
1810 1263 2223 1320 inconstantia.
2310 1283 2450 1322 nam
2504 1284 2636 1322 cum

464 1346 736 1407 Catullus
772 1349 836 1405 in
873 1349 1033 1406 omni
1077 1366 1293 1424 genere
1326 1348 1520 1425 poesis
1558 1366 1698 1406 suae
1731 1346 1855 1406 fere
1887 1349 1977 1405 uti
2012 1347 2197 1406 soleat
2230 1351 2490 1406 externis
2525 1357 2638 1407 ter-

465 1433 890 1491 minationibus
927 1428 1070 1507 (vid.
1100 1432 1474 1491 Heussnerus
1499 1431 1538 1490 l.
1567 1453 1615 1490 c.
1643 1453 1699 1509 p.
1725 1434 1804 1488 14
1822 1450 1897 1490 ss.
1935 1440 1994 1491 et
2019 1431 2312 1491 Reeckius
2337 1453 2394 1511 p.
2419 1430 2495 1491 15
2518 1430 2635 1507 ss),

463 1525 664 1576 tamen
697 1517 992 1575 interdum
1026 1517 1274 1576 Latinas
1310 1517 1582 1596 praefert,
1619 1516 1719 1576 vel
1752 1516 1856 1575 ubi
1891 1516 2056 1574 nulla
2098 1525 2357 1576 mutatae
2391 1520 2638 1577 rationis

468 1621 646 1660 causa
680 1601 938 1679 adparet.
990 1602 1175 1661 veluti
1211 1603 1437 1678 Cybeles
1469 1602 1709 1677 Cybebes
1746 1601 1900 1659 dixit
1933 1603 1997 1658 in
2025 1621 2072 1660 6.
2101 1602 2335 1675 LXIII,
2371 1604 2638 1661 Arsinoes

464 1690 531 1745 in
564 1687 791 1760 LXVI,
829 1686 931 1748 sed
966 1687 1124 1746 idem
1158 1689 1410 1745 Helenae
1443 1689 1508 1745 in
1533 1686 1809 1746 LXVIII
1828 1687 1925 1745 87.
1965 1706 2141 1764 quam
2177 1687 2449 1746 flexionis
2485 1708 2638 1747 com-

462 1775 850 1831 mutationem
903 1772 1222 1851 aliquando
1274 1775 1340 1831 in
1394 1771 1599 1831 eodem
1653 1778 1938 1850 poemate,
1992 1771 2174 1831 semel
2225 1780 2531 1849 praeterea
2573 1775 2640 1831 in

464 1856 674 1915 eodem
719 1857 864 1916 adeo
908 1860 1148 1918 nomine
1191 1856 1442 1915 admisit.
1522 1877 1662 1914 nam
1706 1859 1771 1914 in
1816 1876 1863 1914 c.
1900 1854 2125 1929 LXIV,
2161 1876 2217 1914 v.
2258 1857 2379 1914 336
2418 1866 2477 1916 et
2512 1858 2635 1916 382

465 1943 722 2000 variavit
761 1945 917 2002 inter
959 1942 1191 2002 dativos
1234 1945 1398 2000 Peleo
1442 1949 1502 2000 et
1545 1943 1715 2011 Pelei,
1773 1960 1904 1999 cum
1947 1959 2054 2018 per
2096 1948 2345 1999 metrum
2388 1951 2637 2021 utroque

465 2025 594 2085 loco
639 2026 884 2086 alteram
927 2035 1120 2087 utram
1164 2026 1412 2085 formam
1454 2029 1597 2103 poni
1644 2026 1862 2084 liceret.
1932 2023 2157 2083 ibidem
2200 2045 2256 2082 v.
2296 2027 2373 2082 21
2415 2035 2474 2085 et
2511 2029 2632 2085 336

463 2111 745 2170 Latinam
780 2112 1030 2171 formam
1070 2114 1309 2182 Thetidi,
1347 2132 1404 2170 v.
1435 2112 1557 2166 247
1597 2109 1888 2170 Graecam
1914 2111 2160 2167 Minoidi
2194 2109 2478 2170 adhibuit.
2534 2111 2641 2171 sed

463 2196 562 2255 hic
588 2196 828 2276 quidem
855 2200 1026 2255 metri
1053 2198 1387 2254 necessitati
1422 2197 1635 2273 paruit.
1688 2195 1837 2253 haec
1863 2198 2062 2254 omnia
2095 2202 2156 2254 et
2189 2194 2310 2253 alia
2344 2195 2638 2275 quaedam

464 2283 697 2354 similia,
737 2285 847 2340 etsi
879 2280 1118 2339 laudem
1162 2281 1352 2359 poesis
1389 2279 1765 2338 Catullianae
1806 2280 2067 2357 profecto
2104 2300 2225 2339 non
2259 2284 2635 2356 imminuunt,

462 2373 664 2425 tamen
701 2368 842 2423 artis
879 2373 1015 2424 sunt
1050 2365 1312 2424 nondum
1355 2385 1592 2443 prorsus
1630 2364 1899 2424 excultae
1941 2364 2177 2424 indicia.
2258 2386 2633 2445 quamquam,

460 2450 624 2530 quod
670 2449 747 2508 ad
793 2449 1248 2509 declinationem
1293 2452 1596 2510 nominum
1636 2450 1994 2511 Graecorum
2031 2453 2257 2523 attinet,
2303 2470 2510 2510 verum
2545 2459 2637 2511 est

462 2555 540 2595 ne
575 2535 919 2613 Augusteae
964 2534 1201 2616 quidem
1245 2539 1452 2595 aetatis
1495 2543 1700 2614 poetas
1734 2555 1972 2614 prorsus
2008 2536 2120 2595 sibi
2156 2539 2503 2596 constitisse.
2575 2544 2639 2597 at

463 2621 556 2679 his
592 2623 841 2698 contigit
875 2629 941 2679 ut
977 2624 1248 2681 certiores
1285 2622 1431 2679 fines
1466 2623 1863 2700 terminosque
1900 2625 2320 2680 constituerent
2355 2626 2636 2682 orationis

462 2709 726 2785 poeticae
753 2715 932 2785 atque
959 2726 1089 2766 eam
1118 2706 1575 2786 aequabiliorem
1600 2706 2067 2784 limatioremque
2094 2706 2422 2765 redderent.
2477 2707 2637 2786 quod

463 2800 660 2850 tamen
695 2794 780 2850 ita
815 2799 952 2850 sunt
986 2791 1249 2851 adsecuti
1283 2799 1350 2849 ut
1380 2811 1503 2849 una
1532 2811 1663 2850 cum
1692 2793 1776 2849 eis
1805 2810 1957 2869 quae
1990 2790 2261 2866 vulgaria
2294 2790 2639 2850 viderentur

463 2879 529 2935 in
570 2879 829 2954 priorum
875 2896 1142 2936 sermone
1188 2879 1364 2936 etiam
1409 2879 1678 2934 nativum
1722 2878 1848 2933 eius
1882 2875 2059 2933 robur
2094 2895 2227 2933 cum
2262 2875 2638 2953 simplicitate

463 2964 843 3020 coniunctum
897 2961 1272 3039 deponerent.
1362 2980 1556 3038 neque
1604 2979 1745 3019 vero
1808 2962 2015 3037 negari
2057 2967 2251 3039 potest
2299 2963 2483 3019 nimio
2538 2980 2636 3021 eos

464 3045 703 3103 fastidio
738 3046 1048 3123 popularia
1084 3068 1120 3105 a
1155 3065 1217 3105 se
1250 3045 1637 3123 prohibuisse.
1720 3052 1873 3103 certe
1908 3044 2068 3123 quod
2100 3065 2210 3103 usu
2246 3044 2637 3105 deminutivo-

465 3150 613 3201 rum,
650 3149 802 3208 quae
831 3129 1098 3190 Catullus
1136 3152 1172 3190 a
1205 3129 1369 3189 nullo
1405 3148 1623 3206 genere
1648 3132 1974 3188 carminum
2009 3151 2243 3189 suorum
2280 3130 2476 3190 aliena
2510 3150 2638 3191 esse

465 3214 670 3285 voluit,
716 3213 1063 3293 plerumque
1107 3216 1531 3287 abstinuerunt,
1576 3213 1641 3272 id
1685 3234 1805 3273 non
1850 3217 1977 3273 sine
2019 3214 2389 3274 incommodo
2424 3219 2633 3294 poesis,

460 3302 531 3358 in
564 3300 770 3378 primis
805 3298 1045 3376 lyricae,
1083 3299 1304 3358 factum
1333 3318 1458 3359 esse
1484 3308 1644 3359 recte
1669 3299 1962 3359 iudicasse
1988 3300 2136 3358 mihi
2161 3300 2395 3359 videtur
2421 3301 2637 3359 Munro

465 3385 506 3443 l.
546 3405 593 3443 c.
632 3405 687 3462 p.
728 3384 868 3443 235.
2699 3381 2700 3384 '

598 3467 1108 3541 Quemadmodum
1159 3471 1224 3527 in
1266 3488 1550 3543 sermone,
1607 3472 1692 3528 sic
1738 3471 1914 3528 etiam
1957 3472 2022 3528 in
2065 3473 2323 3529 numeris
2369 3468 2637 3529 Catullus

463 3554 697 3613 medius
748 3562 837 3614 est
885 3556 1040 3613 inter
1092 3556 1364 3632 antiquos
1415 3563 1618 3631 poetas
1662 3561 1721 3612 et
1772 3573 1870 3613 eos
1924 3557 2025 3633 qui
2067 3554 2325 3631 Augusti
2375 3562 2638 3632 tempore

470 3640 735 3709 floruere,
784 3638 887 3698 sed
928 3645 996 3696 ut
1037 3638 1131 3697 his
1164 3646 1363 3697 tamen
1408 3641 1483 3697 sit
1527 3640 1780 3717 propior.
1868 3638 1988 3696 vid.
2027 3638 2100 3697 de
2133 3658 2197 3698 re
2232 3642 2476 3697 metrica
2511 3643 2637 3698 eius

469 3728 536 3782 in
571 3728 913 3783 universum
946 3723 1246 3782 Lucianus
1279 3723 1604 3782 Muellerus
1640 3725 1705 3781 in
1740 3722 1981 3801 praefat.
2012 3722 2287 3782 editionis
2313 3743 2369 3801 p.
2389 3723 2541 3781 LIX
2561 3744 2635 3784 se.

468 3816 532 3867 et
564 3809 612 3867 I.
665 3809 1047 3868 Baumannus
1089 3812 1156 3867 in
1198 3828 1550 3886 programm.
1598 3807 2104 3884 Landisbergensi
2150 3828 2199 3865 a.
2250 3809 2408 3866 1881
2460 3808 2635 3881 edite,

474 3895 638 3952 cuius
682 3897 803 3952 iam
848 3914 1026 3971 supra
1059 3896 1416 3952 mentionem
1461 3892 1724 3951 fecimus.
1796 3901 1971 3972 atque
2021 3912 2144 3952 non
2188 3892 2353 3951 nulla
2401 3892 2639 3972 quidem

472 3996 747 4037 versuum
782 3998 1000 4055 genera
1034 3986 1243 4058 poetae
1269 3979 1625 4040 Veronensis
1652 3984 1819 4035 tanta
1845 3997 1978 4036 611111
2008 3998 2148 4036 cura
2180 3986 2317 4036 sunt
2349 3978 2641 4057 perpolita

472 4069 542 4120 ut
589 4065 695 4121 vix
740 4066 1056 4143 quicquam
1101 4066 1184 4123 eis
1231 4063 1309 4122 ad
1357 4062 1777 4142 perfectionem
1831 4061 1997 4122 desit.
2066 4064 2316 4122 veniunt
2364 4066 2429 4122 in
2481 4063 2641 4122 hunc

474 4166 778 4207 numerum
812 4150 878 4207 in
909 4150 1112 4229 primis
1147 4149 1331 4209 iambi
1375 4155 1434 4208 et
1476 4139 1769 4227 glyconei,
1811 4149 1863 4206 si
1898 4168 1935 4207 a
1969 4150 2241 4207 carminis
2277 4148 2428 4207 LXI
2461 4163 2642 4207 versu.
