3225 5171
1125 465 1479 510 ADNOTATIO
1523 467 1769 509 GRITIGA
1831 478 1832 481 ’
2135 430 2140 434 ὁ
2353 465 2537 508 cml
2595 476 2598 481 “

367 588 480 646 erit
514 589 618 665 qui
650 592 842 662 neget.
870 616 955 627 —
992 587 1066 643 11
1107 589 1286 644 animo
1322 588 1573 660 offimas
1597 586 1675 645 V.
1748 588 1927 643 animo
1963 587 2218 658 affirmas
2254 602 2306 660 ς,
2344 585 2533 644 Lach-

367 690 638 744 mannuS,
687 671 986 750 Hauptius
1032 667 1174 746 (nisi
1208 671 1368 750 quod
1400 670 1498 730 hic
1532 669 1842 747 adfirmas).
1878 703 1964 712 —
1996 682 2163 745 atque
2191 671 2267 730 V.
2346 674 2537 745 itaque

367 755 521 816 male
564 754 847 831 Scaliger,
902 776 1035 814 cum
1080 775 1267 836 eoque
1310 756 1729 815 Lachmannus
1774 763 1834 814 et
1866 756 2183 833 Hauptius,
2226 757 2534 815 verissima

368 850 675 920 praeterea
708 840 784 900 N.
814 840 1052 900 Heinsii
1088 840 1496 901 emendatione
1521 843 1683 898 istinc
1718 850 1889 914 teque,
1926 860 2105 918 quam
2139 838 2192 899 O
2230 840 2534 899 confirmat

367 928 728 1001 instincteque
787 925 1100 1002 praebens,
1164 925 1497 1004 adsumpta,
1559 934 1694 1004 post
1751 925 1995 983 verbum
2060 933 2254 984 autem
2313 927 2535 981 reducis

371 1017 661 1070 commate
704 1012 910 1089 posito.
998 1012 1278 1069 orationis
1323 1009 1842 1069 conformationem
1875 1018 2033 1069 recte
2068 1009 2390 1088 explicavit
2423 1007 2535 1086 Sy-

371 1095 584 1155 dovius
623 1097 676 1152 7.
713 1126 796 1136 —
838 1096 914 1152 18
952 1105 1188 1152 extremo
1221 1095 1296 1169 V,
1335 1093 1494 1175 quod
1528 1097 1654 1154 sine
1688 1093 1904 1153 idonea
1939 1114 2116 1153 causa
2150 1094 2344 1152 adhuc
2378 1112 2534 1172 spre-

366 1188 492 1239 tum
527 1180 674 1238 mihi
708 1179 959 1251 videtur,
996 1200 1128 1239 cum
1163 1186 1221 1240 et
1255 1178 1333 1238 ad
1367 1182 1720 1239 sententiam
1754 1198 1849 1238 me
1884 1178 2078 1238 iudice
2114 1186 2418 1257 peraptum
2456 1180 2532 1237 sit

369 1283 562 1345 neque
606 1265 741 1323 usui
785 1266 1067 1324 sermonis
1111 1272 1414 1343 repugnet.
1510 1263 1664 1324 conf.
1716 1266 1781 1323 in
1831 1266 2036 1342 primis
2079 1264 2230 1342 Nep.
2275 1263 2529 1322 Hamilc.

370 1351 427 1421 2,
467 1351 520 1408 3.
601 1359 895 1407 eoetremam
931 1368 967 1415 ς
1001 1370 1121 1408 non
1154 1348 1324 1423 nulli,
1358 1352 1513 1408 inter
1547 1369 1694 1429 quos
1723 1348 1854 1421 DL,
1891 1357 1950 1408 et
1981 1351 2066 1406 ita
2097 1348 2531 1420 Lachmannus,

367 1434 684 1512 Hauptius.
761 1453 967 1493 verum
1004 1433 1116 1506 dei,
1165 1437 1214 1493 si
1248 1453 1422 1513 quem
1460 1435 1534 1493 ab
1578 1438 1707 1513 ipso
1742 1435 1943 1491 mortis
1987 1433 2191 1493 limine
2226 1433 2304 1492 ad
2346 1436 2533 1491 vitam

366 1526 650 1578 revocant
673 1549 757 1560 —-
786 1518 905 1577 alia
933 1527 1128 1578 autem
1156 1520 1447 1578 sententia
1480 1520 1676 1578 verbis
1709 1526 1919 1597 poetae
1954 1519 2218 1578 subiecta
2250 1537 2377 1578 esse
2411 1538 2534 1577 non

367 1611 559 1683 potest
576 1634 677 1675 —,
716 1610 1036 1663 extremam
1067 1605 1122 1662 ei
1151 1622 1321 1682 opem
1354 1604 1509 1663 ferre
1537 1603 1657 1662 dici
1691 1611 2007 1682 nequeunt.
2059 1606 2276 1682 itaque,
2314 1605 2367 1662 si
2400 1605 2534 1682 quis

370 1696 661 1748 servatam
696 1708 733 1746 a
766 1688 937 1747 nobis
982 1691 1331 1766 optimorum
1374 1689 1657 1748 librorum
1699 1689 2011 1747 lectionem
2050 1690 2271 1760 reiciat,
2309 1690 2363 1748 ei
2399 1709 2532 1747 cum

367 1776 585 1832 maiore
620 1781 787 1851 parte
812 1773 1168 1852 reliquorum
1198 1772 1569 1833 scribendum
1597 1775 1710 1832 erit
1735 1784 1995 1847 extrema,
2032 1773 2193 1853 qnod
2224 1781 2358 1851 post
2385 1773 2532 1833 alios

366 1858 760 1917 Baehrensius
803 1866 862 1917 et
912 1859 1127 1917 Munro
1171 1861 1295 1917 crit.
1335 1860 1455 1916 206
1508 1858 1925 1937 probaverunt.
2022 1867 2199 1937 atque
2243 1858 2397 1916 dixit
2441 1879 2532 1916 ezc-

367 1953 544 2000 trema
577 1945 683 1999 iam
719 1946 776 2000 in
810 1953 982 2000 morte
1014 1943 1313 2019 Vergilius
1347 1942 1498 2002 Aen.
1535 1942 1604 2001 II
1639 1945 1761 2001 447
1800 1951 1858 2002 et
1890 1942 1989 2000 XI
2024 1943 2165 2001 846.
2236 1943 2341 2002 sed
2374 1942 2532 2001 idem

367 2042 445 2086 ne
483 2025 715 2086 Catullo
750 2028 1022 2100 tribuam,
1058 2028 1330 2106 prohibet
1362 2047 1456 2087 me
1490 2046 1814 2107 pronomen
1848 2030 1979 2103 ipsa
2011 2027 2089 2086 ad
2122 2046 2328 2086 vocem
2362 2037 2535 2084 morte

366 2111 443 2170 ab
498 2130 565 2171 eo
618 2110 899 2171 additum.
938 2144 1019 2153 —
1055 2116 1185 2188 ipsa
1235 2116 1292 2169 in
1342 2112 1499 2171 Itali.
1587 2116 1770 2188 ipsam
1802 2113 1875 2171 V.
1945 2115 2075 2188 ipsa
2117 2131 2152 2172 e
2194 2114 2314 2171 suis
2364 2112 2533 2171 libris

363 2196 801 2269 Lachmannus,
855 2199 1112 2275 itemque
1155 2195 1468 2273 Hauptius.
1512 2229 1595 2238 —
1644 2197 1722 2253 19
1743 2216 1817 2255 ss.
1863 2199 2187 2256 orationem
2236 2205 2394 2256 recte
2446 2195 2534 2255 di·

366 2283 577 2340 stinxit
610 2281 1019 2340 Baehrensius.
1092 2282 1244 2339 conf.
1274 2281 1578 2340 Vahlenus
1612 2284 1677 2340 in
1713 2299 1967 2360 prooem.
2011 2282 2134 2340 ind.
2168 2281 2299 2341 lect.
2335 2281 2530 2341 Berol.

366 2373 507 2425 aest.
549 2367 729 2437 1880,
767 2385 822 2443 p.
864 2366 958 2423 10.
1038 2367 1405 2425 enuntiatum
1439 2366 1707 2425 versibus
1743 2368 1818 2424 21
1860 2374 1920 2425 et
1954 2367 2032 2423 22
2070 2366 2532 2445 conprehensum

366 2469 442 2509 ex
492 2451 841 2528 imperativo
895 2451 1167 2526 adspicite
1223 2449 1495 2528 pendere,
1556 2451 1741 2510 verba
1793 2458 1988 2511 autem
2043 2462 2093 2509 et
2146 2455 2198 2508 si
2245 2455 2414 2509 vitam
2445 2483 2533 2493 —

356 2537 762 2612 perniciemque
812 2536 943 2593 milii
989 2543 1288 2616 tamquam
1340 2535 1718 2616 parenthesin
1769 2538 2112 2617 interposita
2164 2555 2291 2597 esse
2342 2537 2532 2597 voluit

363 2620 800 2692 Lachmannus,
838 2623 1003 2680 cuius
1036 2624 1321 2681 rationem
1350 2622 1647 2700 Hauptius
1684 2630 1914 2700 secutus
1950 2632 2053 2682 est.
2090 2653 2174 2664 —-
2214 2624 2291 2679 21
2331 2625 2380 2680 ei
2404 2624 2534 2680 milzi

365 2714 651 2765 commate
701 2709 892 2784 posito
941 2715 1077 2784 post
1123 2708 1253 2764 milii
1299 2707 1712 2766 Baehrensius.
1796 2707 1883 2764 hei
1932 2708 2063 2765 milzi
2112 2706 2530 2766 Lachmannus

363 2791 796 2869 Hauptiusque.
867 2810 965 2849 seu
995 2793 1126 2850 mihi
1157 2791 1401 2851 codices,

364 2924 371 2932 .
490 2875 767 2934 LXXIX
816 2878 848 2933 1
898 2883 957 2936 et
1000 2877 1039 2935 3
1077 2880 1278 2954 pulcer
1311 2875 1383 2937 O.
1462 2877 1701 2951 pulcher
1731 2875 2047 2954 Hauptius.
2083 2905 2167 2915 —
2203 2877 2243 2932 4
2278 2885 2532 2933 notorum

364 2958 438 3032 O,
494 2959 651 3039 quod
703 2959 842 3019 olim
905 2962 1241 3020 coniectura
1290 2961 1547 3020 restituit
1599 2958 1881 3037 Scaliger.
1977 2969 2232 3017 natorum
2284 2958 2343 3019 Gr
2395 2979 2529 3019 cum

359 3045 622 3123 reliquis,
677 3051 737 3102 et
787 3046 872 3103 sic
912 3045 1363 3117 Lachmannus,·
1398 3044 1714 3123 Hauptius.
1800 3062 2005 3103 verum
2056 3064 2177 3103 non
2226 3045 2370 3118 nati,
2426 3044 2531 3104 sed

361 3132 490 3188 noti
524 3136 659 3207 apte
687 3127 962 3186 dicuntur
986 3130 1189 3188 Lesbii
1216 3150 1279 3188 os
1314 3133 1590 3208 inpurum
1616 3128 2014 3202 reformidare,
2051 3129 2345 3208 habetque
2379 3129 2528 3189 haec

359 3214 537 3274 lectio
573 3212 930 3291 praesidium
965 3234 1003 3272 a
1030 3212 1330 3273 Ciceronis
1366 3217 1630 3273 oratione
1662 3234 1768 3293 pro
1796 3214 1989 3275 Sestio
2024 3213 2059 3290 ξ
2091 3217 2241 3272 1112
2276 3218 2328 3272 is
2361 3210 2528 3289 (Gel-

359 3299 477 3357 lius
509 3298 579 3357 P.
619 3295 818 3356 Clodii
862 3296 1109 3372 amicus)
1154 3300 1223 3356 de
1263 3319 1347 3356 me
1390 3300 1716 3375 suffraqium
1750 3302 1895 3371 tulit,
1940 3302 1992 3358 is
2025 3300 2227 3373 adfuit,
2273 3302 2324 3359 is
2357 3302 2526 3359 inter-

357 3386 467 3457 fuit
509 3385 689 3459 epulis
732 3392 783 3439 et
823 3384 1285 3457 maculationibus
1322 3386 1740 3455 parricidarum
1746 3406 1770 3451 ,-
1823 3387 1881 3442 in
1933 3404 2039 3459 quo
2091 3394 2271 3442 tamen
2312 3394 2394 3444 est
2443 3406 2529 3444 me

361 3471 532 3540 ultus,
573 3486 709 3524 cum
742 3469 863 3525 illo
899 3487 1011 3525 ore
1043 3470 1345 3527 inimicos
1380 3478 1479 3527 est
1511 3487 1685 3527 meos
1718 3471 2049 3527 saviatus.

489 3551 769 3611 LXXXI
804 3553 840 3609 3
877 3552 948 3610 ab
983 3554 1112 3611 sede
1144 3552 1217 3612 V.
1287 3573 1325 3611 a
1361 3555 1489 3611 sede
1523 3570 1577 3626 ς,
1614 3561 1673 3613 et
1705 3555 1788 3612 ita
1821 3553 2138 3633 Hauptius.

487 3635 836 3696 LXXXIII
881 3638 918 3693 2
972 3638 1106 3695 haec
1157 3633 1302 3714 (hec)
1355 3638 1428 3698 V.
1515 3638 1617 3696 hoc
1670 3658 1706 3704 ς
1755 3638 2037 3719 plerique,
2086 3638 2524 3714 Lachmannus,

362 3721 679 3799 Hauptius.

489 3806 822 3866 LXXXVI
857 3806 894 3865 5
932 3810 1274 3882 pulcerrima
1305 3806 1565 3867 Ellisius.
1645 3811 1954 3884 pulcm‘ma
1999 3805 2070 3867 O.
2146 3810 2529 3885 pulcherrima

360 3890 678 3969 Hauptius.
717 3922 801 3933 —-
837 3892 874 3949 6
912 3895 1087 3949 omnis
1120 3889 1192 3951 Ο.
1262 3911 1443 3949 omnes
1476 3891 1795 3969 Hauptius.

487 3974 895 4035 LXXXVIII
929 3979 970 4035 4
1006 3978 1203 4051 ecquid
1232 3984 1403 4036 vetus
1439 3985 1742 4036 corrector.
1821 3986 1872 4036 et
1908 3979 2045 4052 quid
2075 3977 2150 4038 V.
2232 3988 2283 4038 et
2318 3983 2415 4054 qui
2445 3981 2523 4042 D.

360 4058 522 4119 unde
557 4063 713 4134 ecqui
742 4059 1162 4120 Lachmannus
1198 4060 1630 4141 Hauptiusque.

403 4152 411 4159 '
487 4144 602 4203 XO
640 4144 675 4201 5
733 4155 934 4219 qratus
982 4146 1053 4205 L.
1106 4146 1428 4206 Muellerus
1480 4144 1723 4225 praefat.
1776 4145 2110 4222 XXXVII,
2164 4148 2339 4228 quod,
2393 4170 2526 4209 cum

359 4233 488 4308 ipse
523 4227 843 4290 Muellerus
883 4232 1126 4292 invento
1173 4252 1277 4291 suo
1322 4234 1409 4290 uti
1451 4233 1809 4306 nescivisset,
1853 4251 1958 4291 suo
1992 4233 2120 4293 iure
2159 4237 2226 4293 in
2259 4234 2527 4304 ,ordinem

2131 4328 2189 4369 1*
