3225 5171
681 478 857 520 xxm
1555 477 2014 522 PROIAEGOMENA

686 601 851 657 niam
894 600 999 676 qui
1050 595 1364 656 muliebria
1403 598 1628 674 patitur
1670 615 1807 657 eum
1856 617 1962 676 per
2005 617 2068 658 se
2110 597 2478 676 intellegitur
2517 598 2869 679 inpudicum

686 701 833 755 esse,
872 681 976 741 sed
1009 680 1088 740 ad
1122 680 1691 741 effeminatissimam
1726 682 2074 759 languorem
2107 687 2364 762 pertinet
2398 690 2513 763 quo
2548 693 2726 763 poeta
2749 686 2869 743 Ro-

685 787 897 827 manos
938 766 1276 827 Mamurrae
1317 766 1691 826 insolentiam
1735 767 2151 848 luxuriamque
2192 776 2460 847 spectare
2503 789 2576 828 ac
2616 769 2872 829 tolerare

684 852 867 913 dolet.
946 851 1216 930 denique,
1271 871 1407 910 cum
1458 855 1637 910 etiam
1680 852 1763 911 M.
1808 853 2056 912 Furium
2096 853 2448 913 Bibaculum
2493 887 2578 896 —
2619 875 2678 913 v.
2722 856 2871 914 Tac.

684 936 888 996 annal.
917 937 1011 996 IV
1035 933 1120 994 34
1143 967 1229 977 —
1259 944 1319 995 et
1346 936 1411 996 C.
1440 936 1743 996 Licinium
1771 936 2025 997 Calvum
2051 970 2135 980 —-
2161 959 2219 996 v.
2248 939 2408 998 Suet.
2434 939 2549 998 Iul.
2569 941 2649 997 49
2682 948 2741 999 et
2768 940 2872 998 73.

686 1023 829 1082 Sen.
885 1029 1146 1081 controv.
1190 1021 1319 1081 VII
1361 1023 1403 1079 4
1448 1017 1601 1098 (19),
1654 1044 1713 1102 p.
1771 1023 1892 1081 332
1945 1022 2164 1083 Kiessl.
2219 1043 2353 1083 cum
2404 1023 2583 1084 schol.
2634 1024 2869 1083 Lucani

687 1106 959 1166 Pharsal.
996 1106 1124 1166 VH
1162 1107 1282 1164 726
1319 1138 1406 1149 —-
1447 1110 1574 1166 eius
1620 1107 1783 1166 modi
1827 1111 2091 1167 carmina
2131 1111 2198 1166 in
2244 1108 2558 1168 Caesarem
2602 1116 2663 1169 et
2694 1109 2873 1169 Pom·

688 1195 891 1271 peium
942 1193 1242 1270 scripsisse
1275 1190 1559 1250 traditum
1603 1196 1698 1264 sit,
1752 1191 1897 1272 quid
1939 1193 2304 1270 probabilius
2351 1213 2528 1273 quam
2572 1192 2871 1254 Catullum

688 1281 757 1336 in
790 1277 1002 1335 horum
1038 1279 1314 1336 societate
1347 1278 1576 1336 Romae
1610 1285 1671 1337 et
1707 1296 1943 1337 carmen
1967 1278 2194 1336 XXIX
2228 1286 2287 1338 et
2319 1278 2551 1358 reliqua
2582 1278 2647 1337 id
2681 1299 2872 1355 genus

684 1363 972 1435 emisisse,
1026 1364 1369 1441 praesertim
1413 1380 1549 1423 cum
1600 1380 1737 1421 eum
1790 1383 2018 1422 summa
2057 1362 2457 1423 familiaritate
2501 1383 2636 1423 cum
2682 1363 2869 1424 Calvo

690 1451 1072 1507 coniunctum
1119 1446 1302 1505 fuisse
1346 1453 1574 1505 constet
1618 1442 1797 1521 (conf.
1836 1449 2097 1507 carmina
2128 1447 2287 1510 XIV
2320 1449 2374 1506 L
2408 1449 2563 1508 LIII
2596 1448 2871 1525 XCVI)?

689 1542 899 1611 neque·
920 1531 1067 1590 mihi
1103 1530 1347 1589 dubium
1381 1538 1472 1590 est
1503 1533 1649 1611 quin
1689 1531 1927 1606 Calvus,
1963 1553 2086 1592 non
2120 1533 2309 1593 solum
2341 1537 2395 1594 is
2426 1543 2620 1612 poeta,
2655 1542 2724 1594 ut
2758 1532 2873 1593 Ca-

685 1617 895 1688 tullus,
934 1615 1040 1675 sed
1075 1617 1253 1674 etiam
1288 1624 1499 1689 orator,
1545 1618 1649 1696 qui
1684 1637 1818 1677 cum
1852 1617 2049 1677 media
2082 1620 2148 1677 in
2181 1621 2309 1677 vita
2349 1618 2569 1678 forensi
2604 1619 2873 1679 conloca-

691 1710 788 1760 tus
824 1708 992 1774 esset,
1038 1701 1224 1761 multo
1258 1700 1392 1779 plus
1426 1702 1491 1759 in
1525 1721 1589 1761 re
1631 1702 1874 1780 publica
1908 1702 2131 1762 vidisse
2173 1703 2501 1763 censendus
2546 1712 2652 1778 est,
2696 1708 2873 1765 amici

687 1789 958 1846 animum
1002 1805 1036 1846 e
1076 1788 1310 1865 privato
1344 1787 1683 1846 Mamurrae
1727 1787 1862 1847 odio
1899 1795 2209 1867 tamquam
2252 1791 2517 1848 evexerit
2558 1789 2641 1848 ad
2680 1789 2875 1868 publi-

695 1892 831 1931 cum
875 1870 1076 1931 odium
1128 1890 1331 1930 eorum
1375 1891 1523 1950 quos
1577 1875 1874 1931 communi
1924 1873 2187 1933 libertati
2236 1875 2544 1934 imminere
2593 1876 2871 1947 novisset,

693 1953 1018 2035 videorque
1051 1955 1201 2014 mihi
1234 1956 1407 2015 huius
1442 1959 1785 2016 mutationis
1828 1961 1894 2016 in
1932 1957 2155 2017 Catulli
2189 1959 2548 2018 carminibus
2584 1959 2873 2037 quosdam

689 2044 865 2121 quasi
900 2040 1120 2118 gradus
1157 2041 1615 2120 deprehendere.
1684 2063 1806 2101 non
1841 2050 2035 2120 potest
2068 2050 2265 2102 autem
2309 2062 2515 2103 verum
2549 2062 2678 2104 esse
2712 2044 2872 2123 quod

696 2126 1047 2187 Theodorus
1066 2127 1469 2186 Mommsenus
1486 2127 1620 2186 hist.
1632 2127 1933 2201 Rom.III,
1953 2148 2010 2206 p.
2025 2128 2148 2186 334
2168 2127 2305 2187 edit.
2326 2136 2528 2188 sextae
2546 2130 2873 2207 suspicatus

693 2220 800 2284 est,
830 2212 1209 2284 Mamurram,
1243 2220 1558 2291 postquam
1582 2212 1951 2291 aliquamdiu
1985 2213 2094 2272 sub
2123 2211 2377 2272 Caesare
2402 2215 2467 2271 in
2495 2212 2699 2273 Gallia
2720 2214 2876 2272 mili-

692 2303 893 2368 tasset,
930 2296 1100 2355 brevi
1134 2302 1272 2355 ante
1299 2317 1477 2376 quam
1505 2296 1776 2357 Catullus
1804 2298 2031 2358 iambos
2066 2317 2202 2357 suos
2238 2298 2533 2372 scriberet,
2568 2301 2634 2358 in
2668 2300 2874 2359 urbem

691 2400 997 2441 reversum
1038 2388 1166 2439 tum
1209 2382 1488 2461 temporis
1531 2382 1905 2442 aedificanda
1943 2385 2010 2441 in
2056 2382 2257 2442 Caelio
2303 2391 2502 2442 monte
2544 2383 2717 2443 domo
2760 2386 2875 2443 ista

695 2485 1026 2526 marmorea
1076 2474 1426 2545 occupatum
1470 2466 1670 2526 fuisse.
1741 2467 1892 2526 nihil
1936 2469 2095 2527 enim
2136 2470 2203 2527 in
2244 2469 2376 2546 ipso
2419 2471 2678 2528 carmine
2722 2473 2876 2529 inest

690 2550 859 2632 quod
892 2551 971 2611 ad
1004 2550 1116 2610 hoc
1151 2570 1298 2631 opus
1331 2551 1540 2612 referri
1573 2553 1775 2632 possit,
1820 2571 2015 2632 neque
2048 2571 2188 2612 vero
2223 2560 2460 2632 poetam
2495 2554 2876 2631 significatio-

695 2656 835 2696 nem
870 2640 996 2696 eius
1023 2638 1371 2696 omissurum
1398 2637 1582 2697 fuisse
1608 2646 1899 2716 putamus,
1935 2656 2259 2717 versusque
2287 2640 2386 2712 20,
2423 2639 2876 2718 quomodocum-

694 2741 813 2802 que
841 2742 979 2781 eum
1004 2724 1391 2795 constitueris,
1420 2723 1785 2783 Mamurram
1803 2723 1912 2782 sub
1937 2722 2288 2802 proconsule
2308 2724 2638 2785 Galliarum
2653 2743 2877 2787 merere

694 2807 965 2867 nondum
1000 2807 1243 2867 desiisse
1277 2806 1463 2867 docet.
1534 2815 1939 2887 sumptuosam
1980 2815 2179 2868 autem
2219 2808 2716 2888 magnificamque
2749 2812 2874 2870 eius

695 2895 763 2951 in
799 2892 1005 2953 Caelio
1042 2892 1515 2952 aedificationem
1545 2895 1612 2952 in
1654 2901 1888 2972 tempus
1930 2893 2116 2953 multo
2160 2895 2450 2972 posterius
2494 2893 2702 2954 cadere
2734 2894 2877 2955 inde

692 2996 937 3058 quoque
972 2977 1177 3055 colligi
1210 2987 1402 3057 potest
1435 2976 1831 3057 quodCicero
1870 2980 2037 3057 epist.
2076 2978 2155 3037 ad
2178 2979 2441 3038 Atticum
2468 2979 2595 3039 VH
2632 2981 2686 3051 7,
2724 2999 2877 3060 quae

697 3083 750 3121 a.
790 3058 1020 3141 704l5o
1057 3071 1318 3122 extremo
1354 3065 1576 3142 scripta
1607 3072 1712 3137 est,
1751 3062 1785 3138 ἓ
1817 3065 1853 3122 6
1892 3062 2130 3123 divitias
2169 3063 2410 3143 quidem
2443 3066 2779 3124 Mamurrae
2812 3065 2879 3124 in

696 3150 1043 3206 universum
1094 3155 1405 3221 memorat,
1468 3147 1573 3208 sed
1626 3147 1701 3208 de
1752 3148 2230 3227 splendidissima
2281 3148 2455 3208 domo
2506 3151 2649 3222 ista,
2711 3151 2877 3209 cuius

692 3230 1034 3291 inauditum
1075 3230 1158 3289 ad
1198 3231 1261 3289 id
1303 3232 1512 3290 luxum
1557 3232 1867 3293 Cornelius
1911 3234 2114 3313 Nepos
2158 3232 2408 3311 dignum
2450 3233 2661 3293 habuit
2703 3254 2879 3314 quem

692 3320 765 3374 in
808 3315 977 3376 libris
1019 3317 1427 3395 exemplorum
1469 3324 1717 3391 notaret,
1769 3338 2006 3397 prorsus
2049 3327 2221 3391 tacet,
2266 3318 2428 3398 quod
2470 3338 2620 3393 eum,
2665 3321 2716 3379 si
2758 3321 2879 3379 iam

695 3411 843 3460 tunc
879 3408 1148 3461 extructa
1181 3400 1404 3475 fuisset,
1441 3404 1550 3461 vix
1581 3401 1766 3463 fuisse
1800 3403 2095 3465 facturum
2129 3405 2496 3477 arbitramur,
2532 3405 2879 3483 praesertim

692 3506 837 3545 cum
870 3485 1076 3546 eodem
1109 3486 1238 3546 loco
1276 3486 1350 3546 de
1376 3486 1554 3547 Balbi
1577 3487 1761 3547 hortis
1798 3496 1858 3548 et
1882 3488 2225 3549 Tusculano
2261 3490 2620 3550 mentionem
2653 3490 2879 3548 iniciat.

698 3573 1065 3632 Mamurram
1105 3590 1246 3631 vero
1298 3573 1416 3630 iam
1461 3593 1512 3631 a.
1561 3573 1598 3631 7
1601 3567 1791 3652 09l45
1845 3581 2141 3635 mortuum
2193 3593 2319 3635 esse
2360 3574 2760 3653 Nipperdeius
2810 3578 2878 3633 in

697 3657 1134 3736 prolegomenis
1169 3656 1416 3717 editioni
1448 3651 1699 3739 Nepotis
1735 3661 1879 3718 anni
1916 3660 2079 3719 1849
2115 3659 2452 3739 praemissis
2484 3679 2541 3737 p.
2577 3659 2769 3720 XVII
2802 3677 2881 3719 ex

692 3743 946 3802 obscuro
991 3742 1095 3802 illo
1139 3761 1332 3821 neque
1374 3763 1610 3821 prorsus
1655 3748 1888 3821 integro
1931 3744 2061 3804 loco
2107 3747 2210 3825 qui
2255 3752 2344 3805 est
2386 3746 2452 3802 in
2498 3742 2621 3803 Cic.
2667 3763 2757 3823 ep.
2802 3743 2883 3803 ad

696 3826 825 3886 Att.
852 3828 1020 3887 XIII
1046 3828 1126 3886 52
1159 3829 1191 3885 1
1230 3829 1378 3886 mihi
1402 3828 1645 3908 quidem
1680 3831 1853 3888 citius
1879 3849 2059 3909 quam
2092 3832 2290 3890 verius
2326 3829 2681 3890 conclusisse
2716 3827 2883 3889 vide-

691 3920 811 3985 tur,
847 3912 989 3972 licet
1022 3914 1418 3972 coniecturam
1453 3933 1622 3974 suam
1657 3921 1749 3972 sat
1773 3915 1971 3974 multis
2006 3923 2067 3975 et
2090 3934 2280 3995 nuper
2305 3933 2506 3973 rursus
2535 3913 2605 3975 Ο.
2636 3914 2884 3974 Hirsch-

698 3996 884 4057 feldio
924 3997 1134 4056 Herm.
1177 3998 1251 4071 V,
1305 4018 1365 4077 p.
1410 3999 1533 4057 299
1586 3998 1941 4077 probaverit.
2020 3999 2124 4061 sed
2176 4019 2536 4079 quamquam
2588 4001 2883 4059 sententia

691 4083 978 4141 universa
1001 4081 1356 4143 Mommseni
1381 4085 1573 4163 accipi
1598 4087 1821 4163 nequit,
1858 4084 2043 4144 nihilo
2071 4094 2269 4144 tamen
2296 4086 2492 4150 minus
2519 4085 2883 4143 Mamurram

694 4186 770 4227 eo
803 4173 1067 4246 tempore
1101 4187 1220 4246 quo
1257 4166 1527 4228 Catullus
1562 4189 1611 4228 c.
1639 4170 1865 4230 XXIX
1899 4172 2189 4230 emitteret
2213 4170 2440 4230 Romae
2474 4168 2735 4229 adfuisse
2759 4171 2884 4228 iam

692 4259 938 4333 propter
976 4251 1084 4313 illa
1120 4252 1278 4335 ‘quis
1322 4253 1436 4314 hoc
1476 4262 1671 4334 potest
1714 4255 1988 4316 videre'
2035 4263 2095 4316 et
2142 4254 2412 4317 ‘cinaede
2444 4254 2725 4329 Romule,
2769 4254 2889 4314 hoc
