3225 5171
1270 427 1505 482 121ssssss
2332 413 2412 484 61

367 573 499 617 non
532 551 586 617 si
620 551 795 617 illam
829 573 1010 617 rarae
1045 550 1390 617 labefactes
1426 573 1689 616 munere
1723 550 1916 617 vestis

454 655 566 711 aut
600 644 978 731 perluciduli
1015 644 1254 710 deliciis
1289 643 1537 729 lapidis·

366 738 566 806 laedit
599 749 662 805 te
695 739 1012 823 quaedam
1044 740 1214 803 mala
1248 738 1487 814 fabula,
1524 759 1655 821 qua
1688 737 1803 801 tibi
1837 736 2041 803 fertur
2447 756 2486 810 5

456 833 622 899 valle
657 834 777 898 sub
814 834 1058 897 alarum
1093 842 1239 896 trux
1276 830 1563 896 habitare
1599 853 1808 916 caper.

368 924 539 991 hunc
573 936 868 992 metuunt
901 948 1140 991 omnes.
1228 946 1436 1009 neque
1471 924 1732 989 mirum:
1782 947 1931 989 nam
1966 924 2135 990 mala
2168 923 2417 990 valdest

455 1019 657 1085 bestia
691 1041 812 1085 nec
846 1020 1106 1103 quicum
1139 1018 1309 1084 bella
1340 1019 1556 1104 puella
1591 1018 1803 1084 cubet.

368 1134 567 1197 quare
601 1123 711 1177 aut
747 1113 1070 1178 crudelem
1103 1134 1401 1177 nasorum
1437 1112 1718 1177 interfice
1751 1121 2020 1198 pestem,

383 1247 393 1259 ·
454 1217 566 1272 aut
600 1206 898 1271 admirari
935 1206 1152 1272 desine
1188 1228 1303 1271 cur
1337 1205 1611 1290 fugiunt.
2447 1225 2518 1280 10

2947 1297 2958 1326 ι

2149 1393 2156 1410 Ι

1977 1436 2237 1514 &awa

2139 1552 2172 1578 ’n

2186 1502 2228 1612 ᾗ

2185 1615 2200 1676 l
2235 1611 2240 1620 Ἴ

1268 1551 1500 1618 LXX.

536 1673 716 1739 Nulli
748 1697 817 1740 se
852 1673 1007 1754 dicit
1035 1671 1262 1760 mulier
1295 1695 1438 1764 mea
1471 1672 1716 1754 nubere
1750 1673 1939 1737 malle
2023 1745 2090 1761 „

621 1765 813 1853 quain
846 1749 1024 1845 fiiiffi,
1101 1761 1191 1832 ”611
1225 1757 1299 1852 ss
1315 1761 1393 1850 seg
1420 1755 1714 1852 Ιιῑρρῖιές
1744 1761 1880 1851 {psa
1915 1759 2107 1856 pelas:P

539 1862 716 1928 dicit:
753 1863 866 1928 sed
967 1862 1127 1952 ulxer
1163 1884 1241 1934 cu
1290 1857 1394 1924 ‘do'
1475 1861 1604 1925 uod
1641 1855 1794 1940 dicit
1827 1859 2084 1937 amanti,

615 1945 686 2021 in
720 1937 906 2023 vens
984 1953 1017 2044 ιζ’
1044 1882 1862 2113 rapiilg‘lscfiperffiportet
1895 1935 2092 2037 aqu‘at

1480 2065 1486 2098 J

1008 2069 1015 2119 ἕ
1791 2065 1800 2140 1

535 2421 610 2489 Si
642 2421 795 2506 quoi
827 2421 966 2487 iure
998 2419 1166 2486 bono
1203 2444 1380 2486 sacer
1415 2423 1660 2487 alarum
1695 2420 1937 2486 obstitit
1970 2420 2204 2498 hircus,
2381 2395 2544 2528 Ufyx'!

619 2526 732 2580 aut
763 2514 819 2580 si
853 2537 1046 2600 quem
1077 2513 1302 2580 merito
1337 2515 1519 2581 tarda
1552 2515 1838 2603 podagra
1871 2526 2064 2594 secat,

534 2612 818 2676 aemulus
854 2611 974 2676 iste
998 2622 1166 2687 tuus,
1200 2609 1313 2694 qui
1345 2622 1626 2677 vestrum
1655 2621 1908 2677 exercet
1932 2632 2234 2690 amorem,

617 2705 879 2769 mirifico
914 2716 1012 2770 est
1045 2705 1177 2769 fato
1212 2715 1434 2770 nactus
1468 2715 1810 2788 utrumque
1844 2706 2102 2770 malum.

299 2884 303 2891 ³
342 2790 345 2794 ’
444 2842 447 2845 ι
528 2808 678 2862 nam
714 2799 1005 2882 quotiens
1040 2798 1253 2875 futuit,
1289 2799 1516 2863 totiens
1551 2798 1877 2862 ulciscitur
1911 2800 2163 2866 ambos=
2435 2819 2473 2875 5

613 2892 789 2956 illam
824 2892 1067 2978 adfligit
1103 2892 1317 2969 odore,
1353 2892 1491 2977 ipse
1528 2892 1692 2976 perit
1725 2892 2027 2977 podagra.

1233 3236 1534 3303 LXXII.

443 3354 727 3421 Dicebas
763 3355 1084 3439 quondam
1121 3356 1327 3421 solum
1362 3367 1424 3421 te
1457 3376 1645 3421 nosse
1682 3353 2029 3435 Catullum,

529 3447 789 3526 Lesbia,
823 3471 943 3514 nec
975 3472 1128 3536 prae
1164 3471 1265 3514 me
1302 3450 1464 3515 velle
1500 3459 1716 3526 tenere
1750 3451 1990 3516 Iovem.

442 3542 637 3607 dilexi
672 3553 808 3607 tum
845 3554 907 3608 te
940 3565 1070 3608 non
1104 3554 1351 3608 tantum
1386 3554 1459 3608 ut
1493 3544 1725 3628 vulgus
1762 3544 2051 3622 amicam,

529 3637 643 3701 sed
676 3646 855 3722 pater
890 3646 962 3701 ut
995 3648 1222 3722 gnatos
1257 3637 1466 3723 diligit
1500 3648 1564 3703 et
1598 3660 1890 3723 generos.
2189 3646 2208 3722 ζ,
2277 3615 2286 3662 ²

440 3751 611 3794 nunc
645 3741 709 3795 te
746 3732 1048 3815 cognovi:
1085 3754 1281 3816 quare
1319 3732 1436 3797 etsi
1470 3731 1797 3817 inpensius
1834 3756 1999 3813 uror,
2436 3754 2473 3810 5

527 3824 728 3889 multo
764 3826 852 3889 mi
889 3836 1101 3890 tamen
1136 3848 1203 3891 es
1238 3826 1425 3891 vilior
1459 3837 1522 3891 et
1556 3826 1775 3892 levior.

443 3914 557 4000 qui
591 3915 754 4001 potis
791 3919 921 3984 est?
964 3918 1196 4003 inquis.
1284 3919 1436 4004 quia
1470 3931 1793 3986 amantem
1825 3921 2057 3988 iniuria
2089 3924 2232 3989 talis

532 4011 703 4096 cogit
736 4034 949 4079 amare
984 4012 1214 4099 magis,
1252 4014 1366 4078 sed
1402 4013 1570 4080 bene
1602 4015 1767 4082 velle
1800 4015 2027 4083 minus.
