3225 5171
702 457 864 499 cxxx
1448 454 1714 519 ›Anno-ra
1722 455 1823 496 T1o
1871 455 2114 496 offirma

706 594 899 655 neque
925 581 1014 633 est
1045 576 1278 652 proprie
1305 576 1574 651 repetitio
1602 571 1871 647 dicenda,
1910 595 2041 633 cum
2067 576 2128 632 in
2158 573 2497 634 hexametro
2525 574 2874 641 adverbium

709 664 786 718 sit
825 662 1031 737 primO,
1084 661 1150 716 in
1205 666 1569 736 pentametro
1607 665 1803 717 autem
1847 658 2204 718 adiectivum
2249 662 2582 737 pronomini
2623 661 2871 720 relativo

709 743 988 804 additum.
1069 760 1262 822 neque
1304 742 1367 800 id
1408 746 1667 801 inaniter
1701 743 1968 802 additum
2003 751 2105 816 est,
2152 747 2371 823 quippe
2406 744 2564 824 quod
2600 764 2734 805 eum
2771 749 2873 824 qui

706 849 884 908 quam
919 831 1088 886 initio
1125 826 1353 887 dederit
1388 836 1601 886 terram
1635 830 1753 887 iam
1790 829 2018 888 auferat
2049 832 2378 907 principem
2415 832 2603 889 omnis
2638 839 2697 890 et
2721 831 2876 889 Allii

705 922 766 973 et
803 913 1025 972 Catulli
1058 910 1358 971 felicitatis
1385 921 1690 972 auctorem,
1707 931 1833 972 esse
1870 913 2120 988 indicet3
2158 916 2263 992 qui
2297 917 2347 972 si
2382 934 2503 973 non
2537 916 2760 986 fuisset,
2797 934 2874 975 ne

706 998 907 1057 Allius
942 997 1178 1076 quidem
1215 996 1288 1056 de'
1325 995 1559 1056 Catullo
1593 999 1680 1055 ita
1710 1005 1778 1056 ut
1809 997 1953 1057 fecit
1983 1001 2195 1057 mereri
2228 1001 2434 1076 potuit.
2472 1031 2555 1039 —
2602 1001 2723 1058 158
2760 1011 2874 1057 tum

706 1081 769 1158 (i.
809 1103 858 1143 e.
894 1082 996 1141 illo
1031 1090 1290 1159 tempore
1327 1102 1441 1161 quo
1478 1090 1693 1141 terram
1728 1083 1899 1142 nobis
1936 1080 2125 1156 dedit)
2159 1086 2398 1143 inserui.
2472 1084 2625 1143 conf.
2651 1106 2708 1142 v.
2732 1086 2870 1144 131.

699 1172 882 1245 pm'mo
943 1170 1123 1224 omnia
1182 1166 1315 1225 libri
1329 1211 1343 1240 ,
1409 1166 1565 1246 quod
1628 1167 1866 1226 reduxit
1915 1167 2234 1245 VahlenuS.
2322 1171 2509 1244 primo
2567 1172 2643 1227 mi
2693 1173 2874 1227 omnia

708 1254 1026 1331 Hauptius,
1079 1251 1237 1331 quod
1288 1252 1536 1328 probare
1579 1272 1683 1310 cur
1726 1271 2030 1332 nequeam,
2083 1272 2161 1312 ex
2204 1255 2288 1313 eis
2333 1272 2487 1332 quae
2533 1253 2610 1312 ad
2653 1275 2709 1313 v.
2751 1255 2869 1313 157

709 1338 1006 1416 disputavi
1038 1337 1417 1412 intellegitur.
1508 1345 1764 1395 ceterum
1797 1337 2022 1396 hiatum
2058 1337 2296 1396 tolerari
2328 1357 2501 1416 posse
2535 1340 2781 1414 nega-nti
2817 1341 2873 1397 ei

708 1423 1024 1497 adsentior.
1067 1453 1150 1462 —-
1195 1423 1338 1478 bona
1380 1420 1537 1479 Itali.
1626 1422 1780 1480 conf.
1825 1421 2216 1500 cLXXVH
2243 1423 2308 1489 4.
2396 1424 2533 1479 bono
2566 1424 2639 1496 V,
2686 1433 2744 1483 et
2788 1426 2872 1491 ita

707 1509 1122 1566 Lachmannus
1159 1513 1217 1564 et
1250 1503 1567 1584 Hauptius.

833 1591 1080 1650 LXXII
1117 1593 1152 1647 7
1190 1593 1323 1665 quia
1352 1591 1432 1649 Is.
1465 1590 1729 1650 Vossius.
1820 1591 1972 1650 conf.
2008 1590 2194 1650 XCII
2228 1592 2284 1650 3.
2364 1612 2530 1667 quam
2562 1592 2636 1652 V.
2724 1595 2874 1668 quod

705 1676 821 1736 DL
859 1697 991 1735 cum
1025 1675 1158 1734 aliis
1193 1691 1245 1748 ς,
1281 1674 1719 1748 LachmannuS,
1756 1675 2074 1755 Hauptius.

833 1760 1115 1819 LXXIII
1159 1761 1198 1817 4
1259 1762 1370 1817 iam
1428 1763 1583 1833 iuvat
1631 1759 1865 1818 addidit
1916 1762 2128 1834 Munro
2181 1764 2316 1820 crit.
2363 1762 2505 1835 205,
2557 1767 2871 1840 postquam

704 1845 1099 1927 Baehrensius
1133 1844 1387 1922 praeivit
1419 1847 1616 1903 iuverit
1650 1844 1976 1904 scribendo.
2053 1849 2210 1905 immo
2246 1843 2375 1920 (imo
2414 1843 2496 1920 G)
2532 1849 2693 1904 etiam
2728 1848 2871 1904 tedet

705 1933 960 2006 obestque
992 1932 1275 2004 maqisque
1306 1933 1485 2004 maqis
1505 1930 1582 1989 V.
1656 1949 1810 2009 quae
1843 1933 1929 1989 ita
1960 1932 2028 1989 in
2050 1949 2285 2006 versum
2318 1931 2548 2007 redegit
2572 1930 2871 1990 Avantius

702 2024 772 2075 ut
814 2015 1006 2075 deleto
1049 2014 1152 2073 illo
1195 2017 1478 2089 maqz'sque
1523 2014 1612 2073 bis
1654 2022 1901 2093 poneret
1940 2015 2188 2075 verbum
2223 2017 2422 2073 taedet.
2505 2023 2685 2095 atque
2717 2015 2871 2075 hanc

703 2100 783 2160 ad
818 2102 1213 2160 coniecturam
1247 2098 1424 2158 rediit
1457 2098 1780 2159 Vahlenus.
1867 2102 2023 2157 immo
2060 2103 2221 2158 etiam
2256 2103 2457 2172 taedet,
2494 2103 2547 2158 si
2573 2103 2657 2172 fit,
2694 2101 2869 2159 obest-

577 2184 583 2189 ’
684 2206 811 2261 ,que
859 2188 1036 2260 mayis
1079 2184 1380 2262 Hauptius
1423 2183 1871 2243 Lachmannum
1925 2191 2176 2244 secutus.
2260 2185 2407 2244 mihi
2459 2184 2698 2263 quidem
2748 2205 2873 2251 non

705 2269 952 2329 dubium
987 2276 1075 2328 est
1117 2273 1263 2348 quin
1304 2270 1474 2327 initio
1508 2287 1713 2328 versus
1758 2268 1983 2349 aliquid
2025 2269 2298 2328 haustum
2333 2271 2410 2329 sit
2443 2268 2603 2341 unde
2634 2288 2871 2348 praece-

705 2353 850 2413 dens
883 2353 1211 2412 infinitivus
1244 2352 1542 2433 penderet,
1578 2371 1772 2433 neque
1806 2353 1981 2413 video
2008 2354 2153 2434 quid
2180 2363 2239 2414 et
2270 2354 2505 2412 facilius
2532 2362 2671 2414 ante
2696 2352 2871 2416 voca'-

701 2438 848 2498 bula
897 2441 1053 2495 immo
1107 2441 1270 2495 etiam
1320 2436 1593 2497 excidere
1636 2441 1893 2516 potuerit
1934 2446 1994 2498 et
2035 2439 2113 2498 ad
2156 2441 2509 2499 sententiam
2555 2443 2750 2517 aptius
2794 2441 2872 2498 sit

703 2543 883 2604 quam
917 2521 1069 2580 illud
1101 2520 1258 2602 quod
1291 2525 1478 2601 posui.

830 2608 1070 2666 LXXV
1103 2626 1338 2666 carmen
1374 2627 1407 2667 e
1440 2606 1699 2667 disiectis
1732 2608 1999 2687 partibus
2026 2629 2063 2668 a
2087 2627 2149 2669 se
2173 2612 2508 2668 restitutum
2543 2609 2640 2667 hic
2673 2612 2871 2689 posuit

703 2693 987 2770 Scaliger.
1074 2693 1373 2771 Hauptius
1417 2691 1787 2751 Lachmanni
1829 2695 2089 2753 rationes
2135 2701 2367 2753 secutus
2410 2694 2555 2753 illuc
2598 2695 2700 2754 ubi
2752 2694 2869 2755 duo

700 2780 901 2858 priora
951 2780 1077 2839 eius
1129 2776 1380 2837 disticha
1422 2780 1486 2835 in
1529 2777 1695 2836 libris
1741 2778 2049 2848 habentur,
2103 2778 2161 2836 h.
2200 2797 2247 2837 e.
2285 2785 2416 2856 post
2450 2798 2498 2838 c.
2535 2779 2872 2840 LXXXVI

700 2867 934 2923 traiecit
1001 2871 1061 2922 et
1129 2857 1392 2921 carmina
1451 2862 2212 2923 LXXVII—LXXXVII
2270 2866 2427 2922 inter
2476 2863 2749 2923 LXXIV
2810 2872 2871 2923 et

701 2949 977 3009 LXXVI
1016 2950 1279 3007 inseruit.
1331 2978 1418 2988 -
1469 2948 1507 3006 3
1550 2950 1666 3005 ullo
1709 2947 1782 3007 V.
1868 2952 2021 3006 nullo
2054 2948 2131 3021 D,
2186 2955 2246 3007 et
2296 2949 2382 3006 sic
2431 2947 2866 3022 LachmannUS,

701 3035 1023 3113 Hauptius.
1059 3065 1142 3074 —
1178 3036 1235 3090 in
1269 3030 1608 3091 addendum
1637 3035 1861 3091 censuit
1887 3032 2263 3110 Doeringius.
2331 3035 2765 3112 praepositione
2793 3034 2867 3093 ab

701 3119 972 3196 Hauptio
1009 3125 1068 3177 et
1101 3117 1283 3193 vulgo
1319 3124 1514 3197 spreta
1557 3116 1721 3176 nullo
1764 3116 1940 3176 modo
1983 3120 2170 3177 careri
2211 3136 2383 3195 posse
2426 3120 2557 3195 ipsa
2591 3118 2870 3178 orationis

692 3202 1089 3262 ,conformatio
1133 3201 1508 3274 demonstrat,
1560 3201 1920 3280 respondent
1962 3204 2117 3261 enim
2163 3202 2279 3260 sibi
2319 3202 2502 3262 verba
2543 3205 2601 3261 in
2646 3205 2871 3277 foedere

703 3298 862 3345 tanta
897 3295 956 3346 et
989 3296 1201 3360 quanta
1235 3289 1292 3343 in
1327 3305 1528 3343 amore.
1600 3285 1755 3345 conf.
1792 3289 1970 3346 etiam
2006 3307 2052 3346 c.
2086 3286 2360 3347 LXXVI
2395 3288 2451 3345 3.

828 3370 1103 3430 LXXVI
1139 3370 1175 3428 5
1212 3380 1430 3428 manent
1464 3372 1575 3427 iam
1607 3372 1667 3428 in
1700 3373 1868 3445 lonqa
1902 3372 2115 3431 Munro
2152 3375 2277 3430 crit.
2318 3373 2456 3431 206.
2533 3375 2754 3430 manet&
2784 3374 2868 3430 in-

697 3460 868 3531 lonqa
903 3454 972 3516 Ο.
1060 3457 1302 3513 manenti
1349 3457 1408 3512 in
1458 3457 1627 3529 lonqa
1677 3476 1798 3514 una
1840 3455 2038 3515 littera
2079 3457 2144 3515 in
2198 3456 2318 3515 fine
2368 3458 2544 3535 primi
2593 3456 2870 3517 vocabuli

698 3559 867 3601 erasa
902 3540 976 3601 G.
1061 3550 1280 3597 manent
1312 3541 1371 3597 in
1404 3542 1574 3614 lonqa
1605 3540 1806 3616 vulgo,
1851 3549 1911 3600 et
1954 3544 2038 3599 sic
2070 3541 2385 3619 Hauptius.
2421 3572 2505 3582 —-
2545 3542 2625 3599 10
2662 3560 2761 3599 cur
2796 3552 2868 3614 te,

699 3645 801 3686 cur
841 3628 952 3684 iam
995 3628 1237 3701 amplius
1281 3626 1507 3703 scripsi.
1602 3625 1757 3683 conf.
1786 3624 1931 3684 Hor.
1969 3645 2143 3684 carm.
2178 3627 2271 3685 IV
2308 3629 2340 3683 1
2382 3626 2480 3684 33.
2565 3625 2870 3686 Bentleius

698 3711 775 3771 ad
813 3710 1073 3771 eiusdem
1110 3730 1160 3768 c.
1196 3710 1298 3769 111
1326 3710 1406 3766 24
1436 3709 1532 3767 25.
1607 3728 1707 3766 our
1742 3719 1792 3767 te
1826 3711 1937 3767 iam
1970 3714 2209 3787 amplius
2240 3710 2319 3783 V,
2355 3710 2514 3790 quod
2548 3730 2739 3790 nuper
2771 3710 2871 3771 de-

698 3796 934 3856 fensum
974 3796 1091 3854 ivit
1123 3793 1422 3873 Sydovius
1467 3793 1542 3853 de
1583 3812 1804 3853 recens.
1844 3792 1971 3853 Cat.
2009 3797 2246 3854 carmin.
2286 3796 2365 3854 68
2390 3816 2434 3854 s.
2520 3797 2630 3853 iam
2674 3806 2726 3853 te
2771 3814 2871 3853 cur

699 3884 944 3957 amplius
981 3899 1055 3939 ex
1080 3879 1139 3938 D
1167 3878 1585 3938 Lachmannus
1611 3878 2043 3958 Hauptiusque.
2114 3888 2176 3938 at
2209 3881 2275 3938 in
2307 3883 2419 3939 isto
2450 3879 2654 3939 codice
2686 3880 2871 3939 verba

696 3966 894 4023 hiatus
937 3964 1280 4023 removendi
1323 3982 1501 4023 causa
1534 3983 1571 4021 a
1608 3971 1928 4022 correctore
1974 3971 2189 4023 temere
2224 3967 2310 4023 sic
2350 3966 2709 4042 transposita
2742 3984 2871 4025 esse

695 4050 1073 4108 manifestum
1118 4056 1219 4108 est.
1307 4066 1500 4127 neque
1543 4049 1701 4106 enim
1746 4048 2096 4126 particulam
2140 4052 2251 4106 iam
2292 4069 2330 4108 a
2373 4052 2756 4127 conparativo
2793 4048 2873 4109 ad

695 4152 874 4213 quem
924 4136 1177 4213 pertinet
1227 4133 1538 4209 seiungere
1588 4132 1742 4191 licet.
1828 4135 2233 4213 repetitionem
2284 4135 2697 4210 interrogativi
2749 4152 2869 4207 cur,

695 4238 816 4297 qua
851 4238 960 4296 ego
996 4225 1178 4277 metro
1215 4218 1502 4290 consului,
1540 4217 1869 4277 sententiae
1903 4236 2030 4278 esse
2065 4218 2725 4278 accommodatissimam
2761 4221 2873 4278 vix
