3225 5171
756 455 906 501 CXIV
1529 453 1889 496 ADNOTATIO
1928 455 2174 497 0311·ch

760 577 1016 649 defututa
1064 573 1365 652 Hauptius
1417 572 1493 633 de
1543 575 1879 633 coniectura
1929 575 2315 633 Lachmanni.
2369 607 2451 617 —
2510 577 2592 634 20
2644 585 2695 634 et
2746 577 2938 636 huicne

766 662 957 719 Gallia
992 670 1042 717 et
1074 662 1224 717 metit
1258 651 1605 717 Britannia?
1642 662 1850 736 scripsi
1883 659 2236 719 Munronem
2270 681 2325 739 p.
2360 662 2477 719 101
2519 669 2578 720 et
2619 661 2739 718 110
2776 682 2937 721 secu-

759 755 873 818 tuS,
929 746 1094 803 cuius
1148 746 1482 802 coniectura
1530 763 1627 804 me
1678 743 1872 803 iudice
1923 745 2167 824 reliquis
2221 746 2492 805 omnibus
2544 746 2725 822 longe
2770 766 2937 824 prae·

761 829 1009 890 ferenda
1059 836 1164 902 est,
1215 827 1387 888 modo
1439 832 1590 887 metit
1643 828 2029 888 substituatur
2085 849 2192 909 pro
2246 850 2314 889 eo
2369 830 2528 910 quod
2594 831 2697 890 ille
2749 832 2938 890 voluit

724 954 727 955 ν
760 925 938 973 metet.
1009 934 1148 972 nam
1192 917 1488 992 praesenti
1535 922 1795 992 tempore
1831 934 1977 992 opus
2022 933 2148 974 esse
2184 935 2317 974 cum
2352 917 2471 974 alia
2516 923 2643 974 tum
2679 935 2749 975 ea
2783 936 2939 996 quae

760 1022 818 1059 v.
857 1002 893 1058 3
931 1007 991 1059 et
1025 1001 1061 1057 6
1110 998 1387 1057 dicuntur
1437 997 1666 1072 docent,
1720 998 1881 1058 unde
1932 1001 2168 1058 initium
2221 1008 2377 1060 certe
2424 1000 2768 1080 direptionis
2816 1004 2938 1061 iam

759 1085 983 1145 factum
1019 1103 1145 1143 esse
1189 1084 1448 1162 adparet.
1519 1102 1630 1142 nec
1671 1091 1918 1162 possunt
1960 1084 2161 1143 futura
2203 1088 2267 1144 in
2302 1086 2570 1145 versibus
2610 1085 2645 1143 5
2686 1087 2722 1143 7
2762 1087 2796 1144 9
2836 1106 2936 1164 op·

760 1173 919 1250 poni,
973 1190 1220 1248 quorum
1273 1168 1390 1227 alia
1441 1171 1592 1227 ratio
1647 1175 1751 1227 est.
1822 1171 1966 1226 hunc
2014 1173 2186 1244 qallie
2239 1173 2386 1229 timet
2440 1181 2490 1229 et
2544 1173 2820 1229 britannie
2859 1171 2933 1231 V.

761 1260 938 1314 timete
967 1255 1208 1326 Galliae,
1243 1254 1386 1311 hunc
1421 1256 1545 1311 time
1578 1255 1888 1312 Britannia
1913 1254 2213 1333 Hauptius
2247 1263 2383 1335 post
2406 1257 2776 1315 Lachmanni
2811 1258 2939 1314 time

760 1343 1093 1412 Britannia,
1145 1339 1289 1396 hunc
1340 1341 1518 1396 timete
1574 1338 1823 1410 Galliae,
1878 1358 2032 1419 quae
2082 1343 2452 1400 coniecturae
2502 1341 2635 1420 plus
2686 1362 2807 1401 una
2860 1341 2936 1401 de

760 1446 939 1486 causa
989 1423 1320 1483 reiciendae
1371 1431 1524 1482 sunt.
1562 1455 1648 1465 —-
1684 1424 1762 1480 23
1784 1443 1827 1482 s.
1883 1445 2012 1482 eone
2062 1428 2292 1498 nomine,
2347 1428 2501 1483 urbis
2550 1446 2583 1482 o
2627 1429 2932 1502 putissimi,

758 1511 934 1568 Socer
964 1529 1256 1584 qenerque,
1285 1510 1620 1585 perdidistis
1654 1501 1879 1566 omnia?
1932 1511 2138 1588 scripsi
2176 1518 2233 1570 et
2267 1509 2530 1570 distinxi.
2605 1532 2650 1569 e.
2688 1533 2743 1568 n.
2779 1513 2937 1569 urbis

760 1597 1168 1672 opulentissime
1202 1592 1678 1669 (oppulentissime
1712 1591 1793 1667 Ο)
1829 1592 1894 1650 S.
1929 1615 1984 1669 q.
2015 1616 2081 1671 p.
2120 1615 2169 1652 0.
2206 1595 2281 1654 V.
2352 1617 2395 1654 e.
2432 1617 2487 1652 n.
2525 1598 2690 1669 orbis,
2728 1615 2759 1652 o
2787 1599 2932 1673 piis-

760 1684 883 1738 simi
912 1680 977 1737 S.
1012 1700 1087 1754 9.,
1118 1699 1183 1754 p.
1221 1670 1318 1736 a?
1350 1678 1653 1756 Hauptius
1686 1683 1901 1756 partim
1925 1679 2371 1740 Lachmannum
2409 1689 2652 1740 secutus.
2723 1700 2947 1740 verum-

759 1769 940 1824 omnia
992 1764 1258 1823 absolute
1309 1767 1568 1842 positum
1620 1762 1802 1823 fuisse
1854 1763 2025 1823 docet
2064 1765 2311 1843 parodia
2352 1766 2701 1842 Vergiliana
2746 1770 2934 1844 epigr.

756 1853 860 1911 ΙΙΙ
897 1852 932 1908 6
972 1845 1117 1928 (qua
1158 1857 1358 1907 tamen
1403 1847 1732 1908 cavendum
1776 1869 1853 1908 ne
1898 1869 2031 1908 cum
2067 1851 2429 1909 Baehrensio
2465 1850 2540 1909 ad
2584 1851 2934 1909 mutandum

757 1935 1039 1995 traditum
1089 1954 1127 1993 a
1179 1933 1348 1992 libris
1392 1933 1746 1993 Catullianis
1799 1934 2112 1993 verborum
2157 1935 2421 1995 ordinem
2465 1954 2622 1993 socer
2663 1957 2935 2011 qenerque

760 2022 1089 2092 abutamur,
1127 2039 1302 2098 quem
1341 2038 1527 2077 unum
1560 2037 1766 2078 verum
1802 2037 1928 2078 esse
1962 2027 2151 2079 totum
2185 2039 2421 2079 carmen
2450 2019 2708 2095 clamat),
2743 2031 2805 2079 ut
2841 2024 2938 2079 ille

759 2126 955 2165 versus
1005 2124 1400 2179 usquequaque
1434 2106 1681 2179 pertinet
1735 2103 1951 2162 ‘Gener
2001 2124 2279 2180 socerque,
2330 2108 2664 2181 perdidistis
2709 2108 2931 2165 omnia?

758 2200 938 2270 atque
974 2210 1150 2269 quam
1194 2188 1612 2248 convenienter
1655 2192 1790 2246 usui
1833 2191 2076 2249 istorum
2118 2198 2445 2268 temporum
2480 2190 2544 2249 id
2580 2190 2801 2249 dictum
2839 2192 2932 2263 sit,

762 2274 1031 2352 exempla
1083 2295 1120 2332 a
1171 2275 1462 2332 Munrone
1510 2294 1569 2351 p.
1610 2273 1732 2330 103
1786 2274 2031 2333 collecta
2082 2275 2411 2336 ostendunt.
2500 2275 2726 2335 accedit
2775 2276 2934 2355 quod

758 2362 1072 2438 genetivus
1117 2360 1374 2437 quinque
1417 2358 1723 2417 vocabulis
1768 2359 1842 2417 ab
1888 2379 1955 2419 eo
2002 2379 2077 2418 ex
2121 2380 2236 2440 quo
2281 2360 2538 2438 pendere
2571 2368 2812 2438 putatur
2846 2381 2934 2420 se-

760 2453 1000 2524 paratus
1036 2461 1178 2502 sane
1213 2441 1500 2520 displicet.
1583 2441 1855 2521 denique,
1896 2447 1998 2524 qui
2033 2445 2468 2524 aequabilitatis
2504 2445 2763 2504 studium
2797 2465 2933 2524 poe-

756 2539 856 2590 tae
879 2583 882 2587 .
906 2528 1217 2608 reputabit,
1272 2529 1328 2585 ei
1369 2529 1475 2587 vix
1522 2526 1767 2587 dubium
1807 2528 2106 2589 videbitur
2150 2531 2311 2610 quin,
2355 2539 2423 2590 ut
2464 2551 2521 2589 v.
2563 2533 2659 2605 11,
2705 2533 2789 2590 ita
2835 2531 2932 2591 hic

761 2634 993 2696 quoque
1026 2614 1208 2673 verba
1243 2629 1371 2670 eone
1403 2616 1616 2670 nomine
1650 2616 1846 2672 statim
1879 2618 2011 2693 ipsa
2045 2616 2398 2694 conpellatio
2436 2619 2749 2695 exceperit.
2823 2619 2932 2675 ita-

759 2720 875 2782 que
917 2702 1070 2757 urbis
1113 2719 1143 2755 o
1180 2700 1465 2774 putissimi
1504 2700 1712 2776 scripsi
1748 2706 1807 2757 et
1849 2701 2146 2774 coniunxi,
2193 2722 2308 2779 quo
2343 2702 2497 2759 nihil
2534 2710 2678 2780 puto
2715 2710 2817 2761 aut
2852 2701 2933 2761 ad

758 2789 1045 2845 rationem
1088 2786 1266 2843 totius
1311 2785 1587 2842 carminis
1631 2785 1824 2862 aptius
1869 2793 1971 2843 aut
2014 2785 2298 2845 librorum
2342 2789 2657 2846 memoriae
2692 2789 2933 2866 propius

759 2872 971 2944 offerri,
1007 2873 1315 2949 potuitque
1357 2871 1614 2947 priscum
1661 2868 2032 2944 adiectivum,
2089 2891 2206 2950 quo
2258 2879 2458 2931 tamen
2511 2880 2743 2950 praeter
2785 2872 2933 2930 Var-

756 2976 962 3016 ronem
1022 2958 1200 3014 etiam
1261 2955 1466 3014 Cicero
1526 2974 1665 3013 usus
1730 2963 1817 3013 est
1874 2974 1963 3034 ep.
2011 2954 2087 3013 ad
2137 2955 2263 3014 Att.
2307 2958 2374 3016 II
2421 2958 2455 3015 9
2508 2960 2563 3030 1,
2623 2966 2934 3037 postquam

756 3042 936 3121 plane
971 3040 1274 3110 obsolevit,
1310 3038 1590 3098 facillime
1634 3041 1699 3097 in
1733 3039 1798 3097 id
1832 3039 1990 3119 quod
2025 3040 2254 3100 codices
2302 3042 2586 3120 praebent
2621 3046 2930 3121 corrumpi.

756 3145 950 3204 neque
982 3144 1123 3183 vero
1176 3126 1547 3183 coniecturae
1598 3123 1773 3182 huius
1815 3125 2201 3203 probabilitas
2248 3144 2316 3185 eo
2365 3128 2729 3186 imminuitur
2772 3127 2934 3207 quod

759 3210 982 3270 Caesar
1012 3208 1117 3266 illo
1154 3229 1268 3286 quo
1304 3228 1353 3266 c.
1389 3208 1617 3266 XXIX
1651 3212 1930 3287 scriptum
1965 3219 2052 3270 est
2085 3218 2346 3289 tempore
2383 3232 2503 3270 non
2538 3214 2780 3287 Romae,
2828 3212 2935 3272 sed

754 3297 823 3353 in
877 3293 1077 3353 Gallia
1129 3292 1398 3369 degebat.
1486 3294 1639 3351 conf.
1675 3294 1883 3353 Horat.
1922 3296 2087 3374 epist.
2122 3296 2156 3354 I
2196 3297 2278 3354 20
2314 3298 2411 3355 23.
2505 3305 2761 3356 ceterum
2812 3300 2933 3356 iam

753 3379 824 3437 L.
861 3378 1144 3438 Muellero
1191 3397 1221 3433 o
1258 3379 1572 3452 putissimei
1614 3377 1933 3458 aliquando
1978 3383 2043 3439 in
2086 3389 2346 3441 mentem
2390 3384 2625 3442 venisse
2678 3402 2753 3442 ex
2805 3386 2937 3442 eius

755 3463 1003 3544 praefat.
1041 3483 1095 3541 p.
1131 3462 1354 3521 XVIH
1386 3460 1528 3520 vidi.

882 3548 1074 3607 XXX
1127 3551 1160 3604 1
1223 3548 1420 3621 Alfene
1494 3547 1761 3626 plerique
1835 3552 2223 3609 recentiorum
2305 3551 2628 3611 secundum
2703 3553 2933 3611 tituloS.

754 3636 1003 3712 Alphene
1034 3633 1109 3706 V,
1154 3632 1588 3706 Lachmannus,
1636 3633 1952 3712 Hauptius.
1998 3666 2082 3675 —
2126 3638 2169 3693 4
2204 3643 2263 3695 et
2298 3637 2333 3695 5
2382 3637 2457 3695 ab
2492 3637 2759 3715 Hauptio
2798 3658 2935 3697 cum

753 3721 1141 3779 Lachmanno
1183 3720 1249 3776 in
1293 3718 1471 3778 finem
1515 3719 1789 3777 carminis
1840 3721 2113 3778 traiectos
2169 3720 2284 3780 huc
2335 3724 2630 3780 revocavi.
2713 3723 2930 3801 quibus

753 3807 879 3864 illic
912 3806 1153 3864 minime
1190 3811 1390 3881 aptum
1422 3802 1617 3862 locum
1654 3822 1779 3863 esse
1815 3803 1890 3862 ob
1925 3808 2232 3883 repetitam
2272 3826 2341 3865 ac
2376 3805 2743 3866 debilitatam
2777 3810 2934 3886 prio·

753 3911 884 3949 rum
916 3908 1193 3950 versuum
1219 3891 1570 3947 sententiam
1603 3896 1763 3948 recte
1790 3888 1860 3947 L.
1888 3889 2211 3949 Muellerus
2238 3890 2562 3964 adnotavit,
2599 3895 2934 3970 perspicue-

755 3993 872 4053 que
906 3994 961 4032 v.
1003 3975 1081 4030 12
1126 3972 1423 4033 clausulae
1479 3976 1735 4051 speciem
1777 3993 1920 4051 prae
1973 3994 2035 4034 se
2070 3974 2198 4033 fert.
2280 3995 2377 4033 nee
2412 3978 2476 4033 in
2512 3997 2568 4035 v.
2605 3979 2646 4035 4
2681 3997 2787 4056 pro
2823 3997 2934 4034 non

756 4062 998 4137 antiquo
1050 4076 1213 4117 more
1264 4078 1397 4117 cum
1450 4057 1712 4136 pondere
1774 4062 2029 4137 positum
2081 4055 2259 4133 (conf.
2306 4060 2673 4120 Ribbeckius
2725 4064 2931 4141 partic.

753 4143 887 4202 Lat.
924 4164 979 4222 p.
1019 4144 1099 4200 24
1118 4163 1160 4200 S.
1198 4143 1413 4202 Munro
1451 4145 1573 4202 crit.
1610 4163 1667 4221 p.
1700 4146 1824 4200 114
1860 4151 1920 4203 et
1952 4144 2029 4203 ad
2063 4145 2294 4204 Lucret.
2323 4147 2390 4205 ΙΙ
2429 4144 2551 4220 23).
2587 4178 2673 4189 --
2711 4147 2746 4205 5
2786 4148 2942 4222 quod

748 4228 828 4287 L.
863 4228 1202 4287 Muellerus,
1275 4248 1380 4303 que
1413 4228 1485 4287 V.
1558 4248 1701 4303 quae
1734 4228 1934 4306 vulg0,
1974 4237 2032 4289 et
2066 4231 2151 4289 ita
2183 4230 2497 4309 Hauptius.
