3225 5171
779 430 937 475 XVIII
1648 429 2102 472 PROLEGOMENA

779 544 979 613 mariti
1013 545 1126 608 sibi
1158 546 1368 608 fuisset
1403 550 1657 622 conscia,
1693 568 1903 627 parum
1937 548 2243 627 probabile
2278 555 2367 608 est
2401 566 2533 608 eam
2570 546 2854 621 Caelium,
2890 555 2980 607 ut‘

780 633 1084 694 infidelem
1110 640 1431 693 amatorem
1455 634 1852 706 ulcisceretur,
1885 636 2103 693 veneni
2128 634 2243 693 sibi
2268 635 2460 712 parati
2485 632 2956 692 insimulaturam

781 721 981 792 fuisse,
1034 720 1176 797 quia
1227 718 1573 796 praevidere
1614 725 1847 797 poterat
1888 737 1952 778 se
1995 737 2065 778 eo
2108 721 2353 778 crimine
2396 738 2561 777 arma
2604 717 2958 779 adversariis

782 813 986 865 contra
1021 810 1206 864 semet
1245 806 1437 883 ipsam
1483 803 2061 864 subministraturam
2103 822 2247 863 esse.
2316 822 2471 882 quae
2515 823 2650 862 cum
2693 805 2778 862 ita
2819 805 2955 875 sint,

750 886 1031 950 *facinori
1075 891 1175 948 isti
1219 889 1294 948 ab
1338 907 1441 949 reo
1475 889 1722 968 eiusque
1765 888 2071 949 defensore
2118 889 2257 949 solis
2293 887 2541 948 Clodiae
2575 906 2703 948 sero
2747 907 2955 965 expro-

779 975 947 1034 brato
976 973 1153 1033 fidem
1168 973 1409 1033 nullam.
1424 973 1824 1050 adiungimus,
1853 976 2253 1053 miramurque
2280 993 2411 1033 eam
2436 993 2560 1034 rem
2588 993 2625 1032 a
2642 972 2956 1032 Schwabio

778 1082 836 1139 p.
877 1061 955 1118 61
989 1079 1098 1138 pro
1142 1058 1451 1138 explorata
1492 1058 1715 1119 haberi.
1787 1066 1991 1118 contra
2033 1059 2193 1140 quod
2237 1058 2442 1119 Cicero
2486 1061 2551 1118 in
2595 1057 2804 1118 eadem
2846 1077 2955 1136 pro

781 1144 983 1206 Caelio
1028 1147 1289 1204 oratione
1335 1142 1607 1204 Clodiam
1659 1142 1834 1203 modo
1881 1151 2083 1223 aperte
2123 1143 2298 1203 modo
2342 1151 2493 1203 tecte
2535 1151 2604 1202 ut
2644 1143 2954 1202 mulierem

778 1230 1284 1309 inpudicissimam
1320 1237 1499 1309 atque
1531 1228 2077 1288 libidinosissimam
2113 1228 2397 1308 depingit,
2444 1248 2597 1308 quae
2632 1230 2953 1288 meretricis

775 1318 894 1374 ritu
948 1335 1082 1375 cum
1132 1315 1428 1374 lautorum
1479 1313 1946 1374 adulescentium
1995 1313 2375 1374 multitudine
2417 1321 2477 1374 et
2517 1315 2743 1373 Romae
2786 1321 2845 1373 et
2886 1315 2953 1372 in

776 1401 1063 1459 Baiarum
1113 1399 1450 1460 celebritate
1509 1398 1787 1459 bacchari
1848 1399 2235 1478 omnibusque
2288 1418 2352 1459 se
2408 1398 2766 1477 pervulgare
2818 1418 2951 1458 con-

777 1487 1037 1545 sueverit
1071 1482 1248 1561 (conf.
1286 1487 1351 1543 in
1385 1484 1589 1563 primis
1626 1483 1660 1558 §
1699 1485 1799 1543 32.
1828 1486 1927 1544 38.
1956 1484 2057 1543 47.
2085 1486 2185 1542 49.
2216 1483 2314 1543 57.
2348 1485 2445 1542 67.
2476 1480 2600 1558 69),
2638 1486 2749 1544 etsi
2784 1482 2951 1543 dubi·

775 1573 892 1629 tari
934 1589 1055 1629 non
1098 1577 1291 1648 potest
1332 1571 1479 1649 quin
1508 1569 1588 1645 {in
1640 1568 1752 1629 hac
1796 1588 2031 1649 quoque
2072 1589 2300 1628 morum
2351 1569 2514 1628 illius
2558 1568 2951 1648 descriptione

777 1655 915 1715 odio
957 1653 1221 1715 mulieris
1265 1662 1325 1714 et
1375 1652 1735 1714 defendendi
1784 1657 1873 1714 rei
1916 1653 2109 1714 studio
2155 1654 2431 1732 abreptus
2475 1653 2711 1730 singula
2752 1654 2951 1714 verbis

776 1741 1233 1819 exasperaverit,
1277 1747 1479 1800 tamen
1523 1741 1800 1799 universe
1841 1738 2005 1798 haud
2049 1741 2135 1798 ita
2176 1738 2429 1797 multum
2463 1759 2501 1798 a
2532 1740 2780 1799 veritate
2815 1758 2950 1799 eum

778 1825 1088 1886 deflexisse
1131 1845 1266 1884 cum
1315 1827 1447 1904 ipsa
1489 1844 1702 1884 causae
1746 1822 2064 1884 Caelianae
2115 1832 2329 1884 natura
2369 1832 2497 1884 tum
2539 1824 2764 1883 infame
2806 1845 2949 1903 qua-

777 1910 1112 1969 drantariae
1146 1929 1474 1987 cognomen
1506 1909 1722 1989 probat
1755 1907 2002 1969 Clodiae
2035 1908 2291 1969 inditum
2326 1905 2505 1984 (conf.
2541 1916 2775 1987 praeter
2803 1908 2948 1970 Cae-

771 1996 920 2054 lium
965 1995 1123 2075 apud
1168 1993 1420 2068 Quintil.
1464 1994 1502 2052 l.
1551 2015 1601 2054 c.
1644 1994 2001 2055 Plutarchus
2046 1992 2169 2054 Cic.
2216 1990 2341 2067 29),
2396 1993 2573 2074 quod,
2625 1996 2745 2053 nisi
2787 1994 2948 2074 apud

775 2080 1053 2161 aequales
1095 2082 1464 2140 notissimum
1507 2087 1686 2160 atque
1725 2079 2141 2159 pervulgatum
2182 2077 2413 2153 fuisset,
2458 2097 2537 2138 ne
2571 2078 2779 2139 Cicero
2823 2083 2949 2160 qui-

774 2166 912 2226 dem
944 2169 1031 2225 ita
1064 2173 1131 2224 ut
1163 2166 1306 2225 fecit
1340 2161 1422 2244 (p.
1460 2163 1623 2225 Cael.
1662 2164 1696 2239 ᾗ
1736 2167 1835 2239 62,
1871 2165 1977 2224 ubi
2012 2163 2156 2244 quid
2191 2165 2305 2225 sibi
2338 2164 2527 2224 velint
2560 2164 2743 2224 verba
2781 2165 2949 2244 ‘qua-

775 2250 1079 2310 drantaria
1111 2249 1219 2309 illa
1252 2250 1708 2328 permutatione’
1746 2249 1924 2310 facile
1965 2249 2273 2310 intellectu
2308 2258 2413 2322 est,
2459 2256 2518 2309 et
2552 2248 2586 2323 ἓ
2625 2247 2730 2325 69)
2767 2250 2949 2326 signi-

718 2330 721 2331 ⁷
773 2337 953 2395 ficare
984 2338 1194 2414 potuit.
1250 2336 1264 2362 ‘
1279 2333 1723 2414 quadrantaria’
1760 2343 1959 2394 autem
1994 2355 2129 2394 cum
2162 2334 2468 2394 mulierem
2496 2333 2768 2411 designet
2793 2353 2947 2414 quae

772 2423 1019 2480 minimo
1064 2422 1250 2499 pretio
1293 2422 1757 2499 uniuscuiusque
1798 2420 2036 2479 libidini
2080 2420 2426 2493 satisfaciat,
2476 2419 2747 2479 Clodiam
2789 2423 2947 2499 turpi

775 2525 844 2566 eo
879 2506 1120 2564 nomine
1153 2525 1276 2565 non
1311 2504 1672 2583 adpellatam
1719 2523 1844 2565 esse
1886 2505 2134 2584 adparet
2173 2508 2291 2564 nisi
2334 2504 2412 2563 ad
2452 2504 2776 2567 notandam
2819 2525 2947 2584 per-

774 2591 1126 2651 ditissimam
1161 2590 1590 2669 inpudicitiam,
1625 2610 1818 2670 neque
1854 2593 2012 2651 enim
2039 2590 2307 2650 mercede
2335 2610 2545 2669 corpus
2578 2593 2944 2669 prostituere,

771 2680 949 2736 immo
985 2684 1135 2736 teste
1173 2675 1459 2736 Cicerone
1490 2697 1548 2755 p.
1579 2674 1742 2737 Cael.
1780 2674 1813 2750 ἓ
1852 2678 1931 2735 36
1969 2683 2028 2735 et
2064 2677 2143 2735 38
2178 2678 2310 2755 ipsa
2343 2685 2632 2735 amatores
2668 2676 2782 2735 sibi
2814 2696 2947 2753 gra-

770 2765 968 2837 tiosos,
1015 2782 1052 2821 a
1084 2762 1351 2840 patribus
1386 2769 1586 2821 autem
1619 2779 1798 2840 parce
1838 2760 2075 2820 habitos
2117 2760 2460 2821 muneribus
2503 2760 2756 2821 adficere
2798 2761 2945 2821 sole-

770 2848 890 2908 bat.
951 2848 1104 2908 conf.
1143 2846 1219 2907 de
1252 2849 1364 2906 isto
1402 2854 1792 2923 cognomento
1816 2846 2203 2906 Drumannus
2236 2846 2372 2905 hist.
2397 2848 2567 2905 Rom.
2593 2846 2678 2918 II,
2715 2867 2770 2925 p.
2801 2848 2944 2905 381.

771 2934 960 2993 forma
982 2953 1131 2994 ,vero
1167 2951 1356 3011 aeque
1382 2939 1561 3011 atque
1586 2933 1831 3009 ingenio
1858 2930 2117 2991 valuisse
2146 2950 2276 2991 eam
2302 2933 2423 2989 iam
2448 2950 2481 2991 e
2506 2938 2672 2989 tanto
2698 2949 2945 2990 numero

769 3022 1053 3078 iuvenum
1095 3017 1407 3077 lenociniis
1458 3017 1720 3077 mulieris
1774 3026 2079 3095 captorum
2132 3015 2396 3092 colligas„
2468 3023 2697 3075 constat
2748 3023 2944 3076 autem

771 3102 1044 3163 Clodiam
1080 3095 1278 3162 oculos
1313 3121 1560 3177 magnos
1595 3110 1776 3181 atque
1810 3100 2081 3161 ardentes
2122 3099 2419 3174 habuisse,
2462 3121 2602 3159 nam
2637 3100 2844 3161 Cicero
2879 3103 2944 3159 in

769 3187 1036 3267 epistulis
1062 3208 1114 3246 a.
1146 3181 1375 3265 695l59
1404 3185 1481 3246 ad
1497 3184 1767 3246 Atticum
1794 3185 1946 3245 datis
1976 3206 2107 3246 eam
2131 3189 2367 3265 saepius
2391 3187 2631 3245 nomine
2653 3180 2947 3264 βοώπιδος

771 3272 1034 3351 adpellat
1075 3269 1169 3348 (ΙΙ
1207 3274 1241 3331 9
1284 3273 1339 3329 1.
1387 3272 1465 3329 12
1504 3273 1560 3331 2.
1603 3274 1682 3329 14
1722 3274 1775 3329 1.
1814 3273 1893 3329 22
1932 3271 1987 3329 5.
2036 3272 2115 3330 23
2155 3269 2247 3348 3),
2294 3269 2454 3350 quod
2494 3270 2945 3331 reconditiorem

770 3357 1030 3437 aliquem
1052 3356 1336 3416 ¹aculeum
1367 3355 1588 3416 habere
1622 3376 1745 3415 non
1780 3363 1868 3415 est
1900 3356 2209 3435 probabile
2244 3353 2378 3431 (nec
2413 3358 2569 3414 enim
2606 3355 2683 3414 ad
2717 3356 2783 3415 id
2815 3376 2945 3435 pro-

768 3442 1032 3503 bandum
1067 3444 1359 3501 orationes
1387 3440 1461 3501 de
1489 3441 1663 3500 domo
1691 3439 1725 3514 ἓ
1757 3442 1834 3499 92
1864 3449 1924 3501 et
1948 3461 2055 3522 pro
2083 3440 2298 3515 Cael.§
2329 3442 2407 3500 78
2436 3439 2656 3499 adferri
2683 3437 2943 3514 debent),

769 3529 1203 3607 flagrantesque
1244 3526 1405 3586 illius
1449 3525 1650 3586 oculos
1694 3527 1760 3586 in
1803 3534 1948 3588 orat.
1994 3526 2069 3586 de
2111 3525 2345 3605 harusp.
2392 3544 2543 3603 resp.
2581 3523 2615 3598 ἓ
2652 3526 2733 3584 38
2780 3534 2839 3586 et
2880 3528 2950 3586 in

769 3613 1056 3675 Caeliana
1125 3611 1159 3686 ἓ
1220 3614 1301 3670 49
1370 3614 1591 3689 tangit3
1672 3611 1835 3691 quod
1902 3619 2123 3691 quanto
2203 3630 2378 3690 opere
2454 3617 2743 3687 congruat
2809 3630 2943 3669 cum

766 3707 1079 3759 venustate
1120 3698 1393 3771 Lesbiae,
1439 3717 1619 3776 quam
1660 3699 1849 3773 nigris
1894 3697 2078 3756 oculis
2121 3699 2498 3774 conspicuam
2540 3694 2726 3755 fuisse
2767 3715 2951 3773 supra.

768 3784 1146 3856 ostendimus,
1181 3786 1246 3841 in
1280 3782 1592 3861 propatulo
1629 3790 1732 3841 est.
1784 3801 1958 3860 porro
1993 3783 2224 3858 ingenii
2248 3781 2501 3841 facultas
2530 3779 2778 3840 Clodiae
2804 3780 2948 3840 inde

768 3888 1003 3949 quoque
1043 3870 1396 3947 perspicitur
1437 3866 1598 3947 quod
1649 3886 1725 3927 ne
1767 3887 1806 3925 a
1846 3865 2102 3945 publicis
2147 3865 2387 3945 quidem
2438 3865 2615 3925 rebus
2667 3884 2794 3925 sese
2846 3865 2947 3924 ab·

768 3954 1049 4027 stinebat,
1111 3961 1448 4032 noruntque
1507 3951 1718 4011 horum
1775 3959 2106 4030 temporum
2168 3953 2344 4029 periti
2395 3958 2683 4029 quantum
2736 3948 2944 4011 Cicero

766 4041 1084 4118 Pomponii
1115 4037 1306 4097 Attici
1341 4058 1476 4097 cum
1510 4056 1582 4097 ea
1626 4034 1935 4115 colloquiis
1968 4036 2241 4095 tribuerit
2281 4033 2463 4110 (conf.
2507 4034 2626 4094 loci
2669 4034 2945 4113 epistula-

765 4145 898 4183 rum
934 4124 1013 4183 ad
1047 4124 1171 4183 Att.
1209 4142 1390 4203 supra
1423 4119 1695 4195 laudati).
1767 4120 1981 4200 quodsi
2022 4120 2204 4179 talem
2246 4119 2511 4179 mulieris
2553 4119 2814 4179 indolem
2857 4138 2945 4178 re-

760 4218 1059 4290 putamus,
1105 4208 1282 4270 facile
1326 4206 1405 4268 ad
1450 4226 1582 4267 eam
1626 4208 1980 4266 sententiam
2024 4203 2371 4265 deducimur
2411 4211 2481 4264 ut
2522 4203 2770 4266 Clodiae
2812 4224 2947 4272 cum
