3225 5171
763 458 890 501 m
1634 455 2089 500 PROLBGOMENA

763 577 861 639 VI
903 577 1002 636 34.
1044 575 1146 636 XI
1188 576 1245 635 6.
1278 574 1412 634 XII
1447 572 1573 653 59),
1617 574 1683 634 id
1722 577 1918 654 potius
1951 573 2202 637 Aurelio
2235 575 2538 656 Fur-ioque
2579 596 2819 638 causam
2860 585 2965 638 at-·

766 662 972 724 tulisse
997 660 1171 722 credo
1200 659 1503 720 Catullum
1526 667 1633 719 aut
1658 660 2132 738 reprehendendi
2156 670 2259 720 aut
2285 660 2610 722 deridendi.
2666 664 2947 742 quoniam

767 755 964 809 autem
999 744 1376 805 ‘molliculos’
1414 747 1555 805 istos
1597 744 1678 803 ad
1710 744 1990 805 Lesbiam
2033 745 2355 807 versiculos
2398 748 2473 807 ab
2508 747 2759 808 Aurelio
2794 750 2949 808 eius-

768 852 885 913 que
918 832 1106 892 amico
1141 831 1403 907 maligne
1436 829 1743 890 vellicatus
1777 832 1842 890 in
1877 852 1925 891 c.
1961 831 2238 892 XLVIII
2271 832 2351 891 ad
2382 833 2723 893 Iuventium
2766 836 2960 893 misso>

767 917 1034 997 paullum
1051 917 1310 976 variatos
1327 923 1504 994 poeta
1519 917 1751 994 repetit,
1767 919 1967 976 nescio
1995 937 2075 976 an
2102 916 2367 977 consulto
2387 917 2625 978 illorum
2641 917 2948 979 hominum

767 1001 1219 1082 pungendorum
1254 1019 1433 1060 causa
1466 1002 1553 1060 ita
1584 1001 1807 1067 fecerit.

893 1088 1077 1146 Brevi
1124 1093 1259 1166 post
1311 1084 1582 1145 Catullus
1636 1085 2024 1147 Caesarianos
2076 1086 2363 1166 quosdam
2413 1094 2474 1148 et
2521 1089 2716 1166 ipsum
2766 1090 2948 1148 etiam

770 1172 1087 1233 Caesarem
1139 1191 1272 1231 cum
1320 1171 1609 1250 Pompeio
1662 1172 1857 1250 coepit
1913 1171 2219 1233 lacessere.
2298 1192 2438 1231 nam
2490 1192 2644 1252 quae
2706 1191 2783 1232 ex
2831 1174 2955 1232 hoc.

768 1276 985 1336 genere
1019 1264 1157 1316 sunt
1197 1258 1461 1316 carmina
1494 1277 1617 1315 non
1658 1259 1745 1315 ita
1786 1256 1966 1333 longo
2001 1258 2281 1336 temporis
2325 1257 2639 1316 intervallo
2683 1260 2838 1318 inter
2881 1277 2950 1318 se

767 1344 987 1403 distare
1012 1340 1277 1419 adparet,
1304 1361 1491 1401 unum
1516 1350 1714 1401 autem
1738 1361 1957 1415 eorum,
1988 1361 2227 1401 carmen
2252 1342 2495 1415 XXIX,
2525 1363 2681 1402 anno
2713 1336 2941 1422 699l55

767 1437 1033 1489 extremo
1087 1435 1191 1485 aut
1240 1427 1445 1505 primis
1499 1428 1801 1488 mensibus
1843 1429 1991 1486 anni
2034 1428 2071 1486 7
2074 1421 2264 1507 00l54
2308 1430 2591 1507 scriptum
2641 1447 2769 1488 esse
2812 1449 2951 1488 cum

766 1533 946 1593 supra
987 1512 1262 1584 diximus,
1307 1519 1432 1571 tum
1473 1512 1635 1572 infra
1676 1519 1945 1572 accurate
1979 1511 2526 1572 demonstrabimus.
2593 1533 2718 1572 non
2751 1522 2953 1592 potest

766 1606 967 1659 autem
999 1600 1209 1674 negari
1242 1615 1320 1656 ne
1354 1615 1454 1657 eas
1488 1596 1730 1677 quidem
1763 1599 2103 1659 inimicitias
2146 1618 2267 1657 non
2309 1600 2547 1657 initium
2589 1597 2832 1658 duxisse
2868 1619 2950 1658 ex

763 1691 977 1763 poetae
1019 1681 1332 1742 amoribus.
1404 1702 1546 1743 nam
1594 1685 1663 1742 in
1705 1683 2065 1743 carminibus
2106 1683 2261 1742 XLI
2304 1692 2365 1743 et
2402 1683 2637 1756 XLIII,
2682 1685 2746 1742 in
2789 1703 2949 1762 quae

765 1772 886 1828 iam
909 1788 966 1846 p.
982 1767 1116 1827 XII
1132 1786 1178 1827 s.
1207 1766 1525 1846 disputatio
1551 1767 1786 1841 incidit,
1818 1768 2088 1829 Catullus
2112 1767 2372 1847 puellam
2396 1767 2698 1848 quandam
2722 1768 2947 1830 Trans-

762 1853 1077 1932 padanam,
1114 1871 1270 1932 quae
1301 1856 1538 1912 veneris
1574 1852 1820 1912 avidum
1850 1856 2173 1913 maximam
2206 1856 2495 1932 pecuniae
2520 1873 2809 1913 summam
2842 1875 2949 1933 po-

761 1945 1048 2017 poscerat,
1097 1937 1474 1997 ‘decoctoris’
1510 1940 1763 1998 amicam
1799 1938 2158 1998 ‘Formiani'
2205 1937 2483 2018 adpellat.
2554 1959 2670 2018 quo
2706 1942 2947 2000 nomine

761 2028 883 2084 iam
908 2022 1138 2102 pridem
1159 2022 1525 2083 intellectum
1555 2031 1646 2083 est
1673 2023 2001 2100 significari
2014 2025 2376 2084 Mamurram
2395 2019 2575 2099 (conf.
2595 2044 2643 2083 c.
2661 2024 2841 2084 LVII
2858 2022 2946 2100 4),-

762 2110 1038 2182 Formiis,
1072 2111 1140 2167 in
1173 2108 1322 2168 urbe
1355 2108 1534 2182 Latii,
1570 2115 1776 2169 natum
1812 2112 2069 2187 equitem
2100 2111 2453 2182 Romanum,
2491 2113 2595 2188 qui
2630 2129 2764 2169 cum
2799 2108 2945 2170 Cae·-

763 2197 912 2255 saris
960 2197 1029 2252 in
1081 2192 1285 2253 Gallia
1332 2193 1666 2272 praefectus
1715 2194 1951 2254 fabrum
2001 2202 2179 2267 esset,
2232 2193 2438 2254 favore
2489 2196 2617 2253 eius
2666 2199 2947 2256 maximis

764 2285 972 2338 auctus
1018 2277 1245 2336 divitiis
1286 2274 1468 2354 (conf.
1513 2277 1637 2339 Cic.
1692 2279 1772 2338 ad
1811 2278 1939 2338 Att.
1982 2280 2109 2340 VH
2155 2281 2189 2338 7
2237 2281 2273 2338 6
2320 2287 2380 2339 et
2420 2279 2581 2340 Plin.
2634 2287 2756 2339 nat.
2811 2280 2942 2340 hist.

762 2363 1047 2423 XXXVI
1077 2363 1112 2420 6
1143 2360 1251 2438 48)
1276 2363 1555 2441 profusae
1587 2363 1863 2425 luxuriae
1897 2364 2207 2423 infamiam
2230 2364 2426 2424 subiit.
2481 2383 2658 2443 quem
2690 2368 2946 2444 primum

763 2450 990 2508 Romae
1030 2451 1284 2527 parietes
1332 2447 1539 2509 domus
1583 2468 1727 2509 suae
1778 2452 1843 2508 in
1886 2449 2091 2510 Caelio
2142 2457 2341 2510 monte
2391 2458 2587 2509 crusta
2638 2453 2945 2509 marmoris

765 2535 1067 2614 operuisse
1099 2539 1251 2593 totos
1276 2551 1386 2594 nec
1410 2533 1596 2593 ullam
1621 2534 1710 2594 ibi
1734 2536 1852 2594 nisi
1878 2554 1912 2595 e
1934 2553 2222 2595 marmore
2250 2533 2525 2614 Carystio
2552 2543 2655 2594 aut
2679 2535 2946 2597 Lunensi

764 2619 1095 2679 columnam
1119 2618 1396 2678 habuisse
1425 2618 1737 2680 Cornelius
1762 2620 1964 2699 Nepos
1999 2629 2204 2681 auctor
2238 2628 2328 2680 est
2351 2619 2513 2700 apud
2538 2622 2804 2680 Plinium
2828 2621 2867 2679 L
2896 2642 2945 2682 c.

763 2709 968 2784 itaque
1001 2724 1123 2763 non
1155 2711 1351 2783 potest
1385 2703 1648 2765 dubitari
1681 2708 1829 2785 quin
1862 2706 2181 2778 Mamurra,
2228 2724 2421 2784 quem,
2468 2705 2609 2765 dum
2649 2706 2759 2766 sub
2798 2705 2946 2767 Cae-

763 2809 894 2850 sare
926 2789 1275 2869 proconsule
1306 2789 1602 2863 militaret,
1639 2810 1746 2870 per
1779 2798 2007 2869 tempus
2042 2790 2357 2850 hibernum
2390 2793 2625 2870 saepius
2649 2795 2717 2851 in
2743 2790 2949 2851 Gallia

763 2877 1031 2936 citeriore
1047 2881 1346 2936 versatum
1374 2894 1501 2935 esse
1521 2883 1983 2935 consentaneum
2008 2882 2114 2949 est,
2134 2874 2372 2935 Catullo
2388 2876 2663 2937 Veronae
2689 2880 2946 2936 moranti

764 2960 945 3021 bilem
989 2979 1058 3021 eo
1104 2962 1357 3021 moverit
1388 2959 1550 3040 quod
1593 2960 1928 3038 puellarum
1971 2961 2428 3039 provincialium
2470 2963 2697 3020 animos
2742 2965 2946 3021 immo-

762 3043 911 3106 dicis
944 3047 1223 3124 praemiis
1260 3065 1393 3105 cum
1426 3065 1646 3122 magno
1681 3045 2044 3124 reliquorum
2079 3044 2295 3104 damno
2338 3044 2418 3104 ad
2462 3046 2800 3125 superbiam
2845 3066 2946 3107 ex-

761 3130 1011 3191 tolleret.
1072 3128 1353 3190 videntur
1386 3137 1586 3190 autem
1622 3129 1739 3190 duo
1765 3131 1926 3190 illa
1906 3152 1973 3190 m
2007 3133 2260 3190 amicam
2288 3130 2612 3191 decoctoris
2635 3132 2943 3191 Formiani

762 3217 1028 3274 carmina
1061 3216 1205 3273 anni
1242 3208 1470 3291 699l55
1508 3212 1757 3275 dimidio
1800 3217 2111 3294 posteriori
2153 3215 2529 3293 adsignanda
2570 3235 2715 3277 esse.
2786 3238 2941 3292 nam,

761 3302 850 3358 uti
892 3301 1013 3359 iam
1064 3318 1244 3378 supra
1295 3298 1568 3372 diximus,
1623 3318 1758 3358 cum
1800 3320 1848 3359 c.
1884 3300 2110 3360 XXIX
2151 3303 2237 3360 ita
2282 3301 2599 3361 cohaerent
2639 3309 2708 3360 ut
2756 3302 2941 3362 multo

762 3391 902 3444 ante
946 3385 1164 3463 scripta
1216 3401 1345 3443 esse
1388 3386 1493 3442 vix
1543 3386 1742 3463 putari
1792 3388 2036 3466 possint.
2105 3405 2302 3466 neque
2354 3390 2549 3465 aptius
2595 3389 2836 3447 omnino
2879 3389 2943 3447 in

758 3473 889 3530 vita
918 3476 1131 3548 poetae
1164 3478 1395 3547 tempus
1422 3470 1520 3528 cui
1545 3488 1619 3529 ea
1644 3470 1911 3530 tribuas
1892 3473 2208 3531 mveneriS.
2261 3473 2482 3531 etenim
2507 3491 2664 3530 anno
2694 3467 2944 3550 696158,

762 3553 839 3615 de
882 3574 998 3634 quo
1042 3552 1391 3613 Schwabius
1432 3574 1491 3633 p.
1532 3556 1650 3613 141
1700 3558 2013 3633 cogitavit,
2059 3555 2330 3616 Catullus
2362 3558 2591 3616 Romae
2634 3558 2815 3616 etiam
2854 3559 2944 3616 in·

761 3640 926 3700 felici
968 3659 1075 3700 suo
1117 3640 1374 3699 Lesbiae
1417 3658 1616 3700 amore
1657 3642 1869 3701 misere
1911 3642 2378 3715 conflictabatur,
2433 3641 2825 3721 abhorretque
2867 3642 2945 3701 ab

758 3729 925 3785 omni
968 3724 1389 3804 probabilitate
1440 3743 1578 3784 eum
1621 3729 1689 3785 in
1730 3725 1941 3786 mediis
1992 3726 2086 3785 his
2128 3725 2429 3787 doloribus
2482 3725 2750 3806 odiisque
2794 3726 2946 3785 alias

763 3809 1141 3871 condiciones
1184 3811 1566 3889 quaesivisse,
1619 3830 1814 3890 neque
1857 3813 2177 3891 quicquam
2225 3820 2462 3890 poetam
2512 3811 2617 3871 illo
2668 3831 2826 3871 anno
2877 3814 2944 3870 in

761 3898 1007 3972 regione
1041 3894 1477 3975 Transpadana
1510 3891 1773 3956 adfuisse
1806 3896 2033 3975 probat.
2086 3896 2203 3955 huc
2237 3895 2467 3957 accedit
2501 3895 2662 3976 quod
2696 3896 2943 3956 dubium

761 3989 853 4041 est
891 4001 1036 4039 num
1077 3982 1381 4040 Mamurra
1421 3983 1545 4040 iam
1593 3988 1739 4040 tunc
1788 3982 1856 4041 in
1901 3981 2104 4042 Gallia
2152 3980 2449 4060 stipendia
2496 3981 2729 4041 fecerit:
2786 3989 2947 4042 certe

761 4066 1094 4144 praefectus
1136 4065 1371 4125 fabrum
1414 4064 1680 4126 nondum
1722 4073 1866 4139 erat,
1920 4084 1990 4126 eo
2033 4068 2193 4126 enim
2235 4084 2495 4139 munere,
2546 4073 2616 4125 ut
2659 4073 2837 4127 antea
2878 4069 2945 4125 in

761 4151 1079 4230 Hispania,
1132 4153 1220 4210 ita
1269 4152 1443 4211 initio
1498 4149 1789 4210 bellorum
1832 4150 2200 4211 Gallicorum
2240 4151 2311 4209 L.
2359 4150 2671 4211 Cornelius
2713 4151 2947 4212 Balbus

751 4236 925 4316 apud
961 4235 1278 4298 Caesarem
1311 4236 1549 4296 functus
1585 4243 1675 4296 est
1709 4231 1791 4313 (v.
1828 4234 1951 4298 Cic.
1987 4256 2095 4316 pro
2129 4234 2319 4296 Balbo
2356 4234 2391 4311 ἓ
2431 4237 2510 4295 63
2548 4244 2607 4297 et
2633 4235 2767 4314 64).
2839 4236 2948 4297 sed
