3225 5171
694 409 810 452 *CVI
1569 406 2025 450 PROLEGOMENA

705 527 974 606 Hauptio
1033 524 1319 584 librorum
1376 526 1720 584 memoriam
1780 526 2141 586 restituendo
2206 528 2331 585 sive
2393 527 2740 604 scripturam
2789 525 2886 585 ini

698 615 975 689 ‘ignotam
1011 628 1088 669 ex
1123 611 1356 688 optimis
1391 610 1653 669 fontibus
1689 613 2025 689 recipiendo
2057 615 2197 684 sive,
2237 610 2395 690 quod
2429 613 2727 670 rarissime
2760 609 2883 670 fac-

706 706 851 769 tum,
896 697 1289 754 coniecturam
1334 695 1432 754 vel
1479 715 1648 754 suam
1692 695 1789 754 vel
1832 697 2081 755 aliorum
2124 695 2450 755 inferendo,
2528 697 2730 775 itaque
2774 715 2882 755 nos

697 787 772 841 in
809 779 1190 839 adnotatione
1226 782 1429 839 critica
1474 780 1599 840 fere
1644 799 1744 840 eos
1778 788 2011 840 tantum
2041 781 2202 841 locos
2236 780 2629 840 indicavimus
2666 780 2881 859 quibus

698 867 786 927 ab
822 867 1075 943 Hauptii
1118 865 1379 925 editione
1414 867 1586 924 tertia
1629 867 1991 940 recessimus,
2028 868 2390 944 argumentis
2426 868 2656 938 nostris,
2693 865 2884 926 sicubi

695 952 1102 1012 -uecessarium
1145 953 1339 1009 visum
1361 957 1480 1023 -est,
1524 949 1726 1029 paullo
1769 950 2003 1029 plenius
2048 953 2349 1030 expositis.
2421 971 2531 1010 nec
2577 953 2880 1011 omisimus

695 1040 822 1097 -nisi
854 1035 1186 1096 levidensia
1220 1034 1513 1114 quaedam
1547 1039 1922 1115 maximeque
1953 1055 2023 1096 ea
2049 1057 2203 1115 quae
2231 1036 2308 1095 ad
2333 1045 2620 1095 mutatam
2656 1035 2880 1115 aliquo-

697 1126 862 1183 -tiens
889 1143 926 1181 a
943 1120 1115 1180 nobis
1143 1119 1426 1178 incolumi
1443 1123 1736 1178 sententia
1753 1120 2190 1181 distinctionem
2216 1123 2529 1200 pertinent.
2582 1121 2880 1180 interdum

703 1216 904 1267 tamen
940 1207 1117 1265 etiam
1152 1205 1390 1281 longius
1425 1207 1720 1284 progressi
1746 1208 2117 1266 coniecturae
2145 1227 2323 1285 quam
2355 1208 2421 1264 in
2447 1205 2716 1265 ordinem
2750 1226 2877 1266 ver-

694 1294 912 1353 *borum
945 1293 1207 1369 recipere
1239 1290 1538 1349 noluimus
1572 1289 1698 1348 illic
1730 1293 2089 1351 mentionem
2126 1291 2373 1350 fecimus
2410 1298 2512 1350 aut
2546 1291 2741 1350 locum
2775 1311 2878 1350 no·

699 1379 795 1438 bis
820 1384 1155 1456 suspectum
1183 1393 1309 1434 esse
1337 1376 1804 1451 significavimus
1841 1383 1944 1434 aut
1976 1375 2251 1435 traditam
2289 1379 2637 1455 scripturam
2672 1384 2878 1435 contra

694 1465 1056 1523 mutationes
1093 1460 1566 1519 dubitationesve
1600 1463 1989 1520 recentiorum
2024 1461 2395 1521 defendimus
2433 1470 2534 1520 aut
2570 1461 2734 1520 aliud
2769 1461 2876 1521 ali·

684 1548 848 1628 —quid
890 1567 1006 1626 quo
1050 1547 1187 1604 crisi
1223 1543 1598 1604 Catullianac
1641 1545 1920 1623 prodesse
1963 1546 2299 1606 videremur
2341 1549 2406 1605 in
2440 1545 2700 1605 medium
2744 1567 2877 1625 pro—

687 1634 960 1692 tulimus.
1033 1638 1308 1702 ceterum,
1357 1632 1467 1689 etsi
1499 1630 1754 1708 Hauptii
1797 1635 2279 1709 recognitionem,
2316 1639 2383 1690 ut
2418 1632 2688 1704 diximus,
2732 1631 2876 1691 huic

698 1718 950 1778 editioni
993 1723 1294 1795 tamquam
1330 1714 1784 1774 fundamentum
1817 1716 2259 1790 substravimus,
2297 1724 2498 1779 tamen
2531 1724 2727 1776 nostro
2762 1737 2876 1776 nos

694 1802 919 1862 iudicio
955 1801 1176 1879 ubique
1213 1803 1441 1859 stetisse
1467 1803 1873 1880 unusquisque
1900 1801 2075 1862 facile
2108 1804 2379 1881 reperiet.
2452 1809 2511 1862 et
2544 1804 2663 1860 iam
2698 1809 2877 1861 aucta

686 1889 944 1948 interim
980 1889 1122 1945 artis
1170 1888 1408 1944 criticae
1451 1885 1718 1945 subsidia
1758 1890 1825 1944 in
1870 1906 2046 1945 causa
2097 1887 2339 1946 fuerunt
2379 1908 2486 1946 cur
2527 1889 2761 1966 saepius
2797 1888 2875 1947 ab

690 1973 806 2033 >illa
856 1970 1249 2032 recedendum
1302 1977 1468 2030 esset.
1546 1970 1626 2030 ad
1671 1971 2123 2051 orthographica
2174 1971 2334 2051 quod
2384 1974 2612 2045 attinet,
2670 1993 2877 2051 quam-

683 2078 876 2139 quam
931 2056 1165 2134 singula
1214 2057 1355 2115 satis
1399 2055 1590 2115 multa
1631 2058 1982 2134 optimorum
2035 2057 2320 2116 codicum·
2357 2058 2487 2115 nixi
2535 2059 2876 2117 testimonio

695 2147 1067 2214 novavimuS,
1111 2150 1312 2201 tamen
1353 2143 1418 2199 in
1453 2143 1795 2200 universum
1828 2143 2087 2201 rationes
2121 2143 2374 2221 Hauptii
2417 2162 2539 2201 non
2573 2145 2874 2221 potuimus

697 2249 821 2288 non
861 2227 1201 2306 adprobare.
1272 2245 1449 2306 quem
1490 2226 1601 2286 hoc
1644 2229 1900 2285 maxime
1944 2227 2235 2286 studuisse
2277 2226 2525 2305 adparet
2556 2235 2624 2285 ut
2663 2231 2873 2306 paucis

679 2333 945 2393 *quorum
987 2319 1047 2371 et
1089 2313 1301 2371 certior
1343 2310 1489 2370 fides
1533 2318 1593 2370 et
1637 2312 1955 2371 insolentia
1998 2316 2190 2372 minor
2231 2321 2384 2371 esset
2427 2331 2459 2371 e
2503 2315 2695 2391 prisco
2733 2317 2873 2372 scri-

695 2397 880 2457 bendi
913 2415 1074 2455 more
1109 2399 1468 2454 conservatis
1506 2398 1705 2455 omnia
1740 2416 1891 2475 quae
1926 2397 2225 2456 horridam
2260 2399 2672 2476 antiquitatem
2704 2398 2873 2457 redo·

696 2484 891 2542 lerent
935 2481 1010 2540 ab
1055 2480 1492 2557 elegantissimo
1537 2489 1712 2560 poeta
1752 2480 1959 2560 procul
2001 2482 2245 2542 haberet
2288 2490 2347 2541 et
2390 2483 2513 2542 fere
2555 2483 2873 2543 verborum

688 2570 1047 2647 *scripturam
1081 2585 1211 2626 eam
1256 2583 1408 2645 quae
1443 2563 1708 2643 Augusti
1749 2572 2011 2647 tempore
2054 2571 2118 2627 in
2153 2567 2365 2627 litteris
2401 2566 2637 2627 Latinis
2672 2568 2875 2630 valere

676 2657 981 2732 *inciperet
1015 2658 1494 2731 repraesentaret.
1554 2672 1695 2710 nam
1731 2652 2209 2731 orthographiam
2244 2653 2646 2714 Catullianam
2677 2658 2872 2733 ipsam

696 2758 775 2799 ex
836 2738 1005 2797 libris
1064 2738 1280 2797 nostris
1340 2737 1672 2797 recentibus
1732 2736 2233 2817 multifariamque
2285 2739 2623 2817 depravatis
2674 2738 2871 2799 redin-

684 2832 932 2901 tegrare
965 2822 1121 2882 velle
1165 2824 1405 2881 omnino
1439 2824 1640 2881 irritus
1673 2822 1843 2882 labor
1876 2830 1979 2882 est.
2050 2823 2208 2902 quod
2243 2825 2293 2882 si
2340 2826 2472 2903 quis
2506 2824 2870 2900 adgreditur,

684 2911 825 2969 ‹fieri
857 2929 981 2968 non
1016 2915 1208 2987 potest
1242 2910 1389 2987 quin
1421 2910 1487 2966 in
1520 2907 1851 2966 litterarum
1886 2908 2151 2986 apicibus
2186 2908 2472 2967 rimandis
2506 2927 2681 2987 saepe
2714 2907 2870 2968 ludi·

679 2995 902 3060 ·ficetur
941 3011 1281 3072 metamque
1324 2992 1712 3071 corruptelam
1765 3013 1870 3071 pro
1922 3000 2190 3053 vetustae
2241 2996 2563 3072 scripturae
2615 2995 2868 3072 vestigio

681 3080 913 3139 -habeat
946 3087 1007 3137 et
1043 3076 1276 3138 Catullo
1312 3077 1588 3136 obtrudat
1632 3078 1850 3137 formas
1884 3098 1921 3136 a
1955 3077 2260 3137 voluntate
2293 3081 2405 3137 τῶν
2440 3073 2728 3154 νεωτέρων
2766 3079 2870 3139 ab·

692 3165 1016 3244 horrentes,
1066 3162 1135 3221 id
1184 3160 1344 3241 quod
1387 3182 1520 3221 cum
1567 3162 1701 3221 aliis
1752 3170 1878 3222 tum
1921 3165 2177 3223 maxime
2219 3163 2580 3223 Baehrensio
2635 3164 2866 3224 accidit.

674 3268 812 3327 aqua
845 3250 909 3306 in
943 3266 1009 3306 re
1042 3245 1378 3304 mirandum
1413 3254 1500 3306 est
1534 3246 1712 3326 quod,
1750 3267 1883 3306 cum
1911 3247 2179 3325 cupidius
2213 3256 2451 3327 captent
2484 3268 2637 3329 quae
2670 3251 2869 3328 specie

688 3353 801 3392 sua
833 3335 1086 3411 priscam
1131 3330 1427 3389 scribendi
1470 3331 1955 3392 consuetudinem
1989 3332 2254 3393 indicare
2290 3333 2619 3407 videantur,
2665 3355 2866 3393 rursus

674 3437 821 3477 :sero
867 3425 1038 3475 natas
1081 3417 1576 3495 pravissimasque
1611 3415 1847 3490 formas,
1892 3425 1960 3477 ut
1994 3420 2215 3490 siccine,
2259 3421 2553 3498 patienter
2595 3419 2865 3479 tolerant.

674 3505 874 3580 *igitur
918 3501 1288 3580 diphthongo
1325 3503 1376 3559 ei
1415 3521 1521 3579 pro
1557 3504 1578 3559 i
1607 3501 1793 3580 longa
1826 3506 2069 3581 positae,
2118 3524 2236 3583 qua
2270 3503 2362 3563 illi
2396 3503 2642 3563 mirifice
2678 3504 2868 3564 delec-

690 3596 916 3661 tantur,
982 3606 1092 3664 ego
1145 3605 1437 3665 nusquam
1488 3586 1684 3645 locum
1738 3590 2021 3660 concessi,
2086 3608 2279 3667 neque
2330 3610 2379 3648 c.
2425 3589 2651 3647 XXXI
2694 3590 2729 3647 5
2788 3608 2867 3649 ex

678 3673 974 3732 *librorum
1007 3672 1428 3750 depravatione
1465 3673 1734 3730 'Dauniam
1759 3683 1925 3747 atque
1949 3674 2224 3731 Bithunos
2250 3673 2605 3733 eliciendum
2637 3677 2863 3753 putavi,

676 3778 883 3838 meque
915 3777 1073 3831 ver0,
1110 3759 1220 3816 etsi
1253 3777 1414 3832 quom
1448 3777 1496 3815 c.
1533 3756 1745 3818 LXVI
1783 3758 1859 3815 79
1897 3764 1957 3817 et
1991 3760 2220 3817 devolsz‘t
2254 3780 2301 3818 c.
2337 3758 2558 3819 LXIII
2592 3759 2627 3816 5
2667 3767 2726 3820 et
2750 3763 2867 3818 volt

669 3866 740 3904 ·c.
774 3844 926 3903 LXI
963 3843 1084 3901 209
1122 3850 1183 3901 et
1213 3844 1507 3900 volturium
1541 3862 1588 3901 c.
1619 3842 1896 3901 LXVIII
1935 3844 2055 3900 124
2092 3843 2268 3916 edidi,
2304 3844 2525 3923 ubique
2558 3863 2628 3901 uo
2664 3843 2764 3904 vel
2796 3865 2865 3902 vo

678 3949 794 4006 ¹,pro
831 3949 904 3985 uu
938 3926 1036 3987 vel
1079 3948 1151 3985 vu
1192 3926 1532 4007 ponendum
1577 3926 1739 4000 duxi,
1788 3948 2140 4007 quamquam
2179 3929 2482 3989 Catullum
2527 3936 2868 3989 constanter

675 4016 774 4072 :sic
827 4015 1128 4091 scripsisse
1178 4020 1347 4071 extra
1398 4010 1828 4073 dubitationem
1888 4032 2014 4072 esse
2067 4013 2317 4073 videtur.
2394 4014 2543 4073 haec
2594 4034 2727 4073 cum
2778 4016 2868 4073 ita

676 4096 850 4177 apud
883 4116 978 4155 me
1014 4100 1464 4170 constituissem,
1503 4098 1856 4177 simulatque
1882 4097 1960 4156 ad
1994 4098 2321 4176 parandam
2357 4098 2510 4158 hanc
2546 4098 2867 4158 editionem

673 4182 1046 4257 accederem,
1081 4190 1298 4259 tamen,
1338 4203 1471 4244 cum
1506 4182 1724 4244 nollem
1760 4202 1888 4244 meo
1925 4183 2142 4244 iudicio
2180 4184 2293 4244 soli
2327 4184 2637 4259 confidere,
2674 4185 2866 4244 Fran·
