3225 5171
736 411 935 454 XXVIII
1606 411 1804 452 PROLE
1810 410 2018 452 GOMEN
2019 409 2062 451 A

741 547 1008 588 corruere
1041 527 1281 588 faciant.
1348 548 1490 587 nam
1525 526 1824 588 Catullum
1858 528 2215 602 Amastride,
2252 529 2310 586 h.
2349 547 2397 589 e.
2434 531 2500 589 in
2531 530 2921 591 remotissima

739 614 1078 694 provinciae
1112 620 1297 692 parte,
1334 633 1549 673 navem
1583 633 1735 693 quae
1768 616 1963 693 ipsum
1996 616 2062 673 in
2086 615 2340 693 patriam
2366 623 2735 694 reportatura
2770 620 2923 674 esset

741 697 1153 759 conscendisse
1184 699 1358 757 nobis
1395 698 1632 777 quidem
1677 707 1869 777 potest
1911 702 2124 759 mirum
2156 699 2363 772 videri,
2410 699 2517 760 sed
2559 702 2757 758 varias
2795 700 2923 758 eius

740 786 828 845 rei
862 802 1067 843 causas
1103 786 1352 860 cogitari
1386 783 1539 842 licet.
1611 783 1846 857 deinde,
1892 787 2003 843 etsi
2044 783 2224 844 hodie
2264 780 2420 844 inter
2460 804 2623 844 mare
2655 783 2924 842 Adriati-

740 890 872 928 cum
914 875 974 927 et
1014 870 1315 928 Benacum
1355 867 1550 928 lacum
1592 869 1759 928 nulla
1803 876 1892 928 est
1934 871 2257 947 navigati0‚
2307 868 2530 929 Catulli
2582 877 2774 929 aetate
2817 875 2924 927 aut

737 973 845 1033 per
877 952 1110 1012 Padum
1145 960 1204 1013 et
1236 955 1523 1012 Mincium
1560 962 1661 1013 aut
1704 973 1811 1033 per
1842 952 2117 1013 Athesim
2159 962 2220 1014 et
2250 956 2537 1014 Mincium
2571 954 2733 1013 fossa
2765 955 2921 1012 inter

738 1058 802 1099 se
837 1041 1178 1099 coniunctos
1212 1038 1310 1098 vel
1344 1039 1653 1098 maritimis
1686 1038 1940 1099 navibus
1972 1039 2240 1099 modicae
2263 1038 2691 1116 magnitudinis
2727 1040 2923 1099 veniri

739 1127 999 1202 potuisse
1050 1123 1211 1183 haud
1263 1130 1353 1183 est
1402 1123 1766 1183 incredibile.
1838 1125 1991 1183 conf.
2045 1124 2335 1203 philologi
2376 1133 2417 1184 t.
2462 1124 2612 1196 XII,
2666 1145 2725 1202 p.
2774 1126 2809 1181 7
2817 1123 2918 1183 54.

739 1209 1084 1269 Schwabius
1137 1229 1233 1288 qu.
1283 1207 1410 1268 Cat.
1463 1229 1521 1286 p.
1570 1209 1691 1266 173
1729 1228 1773 1268 s.
1835 1227 2031 1288 neque
2081 1208 2145 1267 id
2196 1209 2543 1269 incredibile
2583 1211 2780 1268 visum
2831 1216 2921 1268 est

735 1295 1019 1354 Munroni
1061 1294 1100 1352 l.
1147 1315 1194 1352 c.
1240 1314 1296 1371 p.
1347 1295 1422 1351 11
1463 1312 1555 1364 ss.,
1608 1296 1713 1372 qui
1755 1301 1979 1366 tamen,
2032 1301 2101 1353 ut
2151 1294 2503 1354 offensiones
2547 1313 2692 1372 quas
2743 1295 2920 1370 tetigi

738 1379 1017 1450 elevaret,
1069 1396 1353 1457 perquam
1397 1374 1716 1437 artificiosa
1758 1380 1823 1437 in
1868 1377 2217 1456 explicando
2264 1382 2521 1438 carmine
2561 1379 2657 1439 IV
2690 1381 2919 1437 ratione

736 1485 877 1524 usus
932 1462 1233 1522 Catullum
1284 1466 1352 1521 in
1401 1462 1767 1540 Propontide
1820 1462 2068 1536 demum,
2123 1466 2249 1523 sive
2303 1463 2399 1524 Cii
2451 1466 2577 1525 sive
2628 1464 2918 1542 Myrleae,

736 1549 986 1609 urbibus
1019 1567 1145 1607 non
1177 1547 1357 1623 longe
1393 1568 1430 1607 a
1463 1548 1691 1607 Nicaea
1733 1552 1988 1621 remotiS,
2035 1548 2344 1626 phaselum
2377 1569 2546 1608 suum
2578 1547 2922 1608 Amastride

737 1636 984 1693 missum
1017 1632 1428 1693 conscendisse
1472 1652 1548 1692 ex
1584 1652 1788 1713 eoque,
1830 1636 2174 1712 priusquam
2216 1636 2428 1693 ostium
2460 1632 2617 1693 Padi
2660 1634 2920 1693 fluminis

738 1720 1001 1791 intraret,
1037 1717 1423 1796 probabiliter
1457 1726 1655 1778 autem
1687 1721 1807 1777 iam
1837 1718 2161 1791 Brundisii,
2199 1738 2498 1796 egressum
2533 1737 2661 1778 esse
2695 1720 2920 1778 statuit.

739 1812 998 1864 ceterum
1032 1802 1193 1882 quod
1223 1803 1407 1879 vulgo
1442 1811 1659 1881 putant
1681 1811 1917 1881 poetam
1942 1805 2006 1862 in
2041 1804 2161 1863 fine
2188 1805 2461 1863 carminis
2486 1805 2680 1884 ipsum
2704 1803 2919 1882 phase-

736 1889 861 1948 lum
888 1890 1190 1949 emeritum
1214 1889 1519 1947 Dioscuris
1546 1891 1996 1962 consecravisse,
2031 1888 2097 1947 id
2129 1907 2322 1968 neque
2340 1889 2718 1968 praedicatae
2741 1886 2920 1948 modo

735 1977 944 2033 virtuti
981 1975 1106 2033 eius
1142 1974 1422 2033 convenit
1464 1981 1522 2034 et
1565 1973 1807 2033 aliunde
1841 1993 2073 2053 quoque
2116 1994 2352 2051 prorsus
2396 1973 2769 2053 inprobabile
2812 1980 2920 2032 est.

736 2062 938 2138 itaque
973 2079 1096 2118 non
1131 2057 1334 2118 dubito
1379 2057 1653 2137 equidem
1685 2061 1938 2119 Bruneri
1982 2080 2040 2138 p.
2078 2059 2199 2117 635
2246 2063 2575 2118 sententiae
2620 2058 2921 2131 accedere,

739 2147 841 2224 qui
878 2165 924 2203 c.
959 2145 1052 2203 IV
1085 2145 1432 2221 inscriptum
1467 2142 1651 2203 fuisse
1684 2153 1887 2203 censet
1927 2146 1993 2201 in
2037 2143 2241 2202 tabula
2280 2145 2485 2203 votiva
2516 2144 2820 2203 Dioscuris
2853 2145 2923 2202 in

738 2229 953 2288 sacello
991 2227 1069 2286 ad
1102 2227 1297 2286 lacum
1329 2229 1634 2287 Benacum
1676 2232 1871 2307 posita
1914 2250 2047 2287 cum
2091 2228 2326 2308 depicta
2369 2230 2628 2305 imagine
2670 2229 2919 2306 navigii,

738 2322 799 2373 et
835 2312 912 2371 ad
943 2313 1099 2371 hanc
1132 2314 1420 2390 picturam
1460 2321 1726 2392 spectare
1766 2316 1957 2391 prima
1999 2314 2184 2373 verba
2229 2313 2529 2393 ‘phaselus
2575 2313 2695 2387 ille,
2743 2331 2922 2393 quem

737 2397 971 2471 videtiS,
1008 2397 1313 2476 hospites’.

866 2484 943 2542 In
985 2483 1238 2561 patriam
1279 2501 1549 2542 reversus
1591 2485 1848 2560 primum
1889 2503 1936 2542 c.
1982 2482 2209 2541 XXXI
2252 2487 2580 2561 conposuit,
2637 2503 2753 2562 quo
2797 2482 2923 2542 Sir-

736 2570 993 2628 mionem
1027 2588 1193 2626 suam
1228 2567 1590 2627 suavissimis
1626 2568 1893 2627 versibus
1919 2567 2145 2627 salvere
2171 2567 2350 2628 iubet.
2404 2587 2599 2647 neque
2624 2587 2763 2628 vero
2791 2574 2923 2629 tum

738 2652 843 2713 diu
876 2653 1093 2713 mansit
1125 2655 1189 2712 in
1223 2655 1531 2731 provincia
1558 2651 2008 2731 Transpadana,
2045 2652 2151 2712 sed
2175 2672 2316 2712 mox
2338 2654 2589 2713 Romam
2619 2652 2923 2731 profectus

737 2747 851 2813 est,
903 2745 971 2798 ut
1021 2757 1098 2798 ex
1140 2758 1187 2797 c.
1230 2737 1297 2795 X
1349 2736 1697 2798 concludere
1748 2738 1903 2798 licet.
1983 2744 2161 2817 atque
2209 2738 2297 2797 ibi
2347 2758 2537 2797 novus
2590 2758 2724 2798 eum
2774 2757 2923 2815 erga

734 2823 1048 2903 pulchrum
1081 2843 1328 2902 puerum
1372 2843 1536 2882 amor
1579 2825 1856 2884 exercuit.
1926 2843 2066 2882 nam
2111 2830 2388 2902 quattuor
2431 2826 2547 2882 ista
2590 2824 2667 2881 ad
2699 2824 2922 2883 Iuven-

735 2912 885 2969 tium
918 2911 1181 2970 carmina
1214 2909 1436 2969 XXIV
1469 2908 1748 2969 XLVIII
1780 2908 2060 2967 LXXXI
2093 2908 2307 2967 XCIX
2349 2910 2455 2967 vix
2500 2908 2746 2967 dubium
2790 2927 2923 2968 esse

734 3001 929 3073 potest
963 2997 1110 3073 quin
1142 3000 1302 3054 recte
1345 3014 1503 3053 anno
1544 2990 1772 3071 698s56
1818 2993 1917 3052 vel
1963 2995 2235 3072 sequenti
2279 2993 2693 3052 attribuantur.
2764 3012 2921 3072 quae

736 3098 1091 3157 quamquam
1123 3077 1278 3136 nihil
1310 3080 1442 3156 ipsa
1468 3081 1775 3137 continent
1802 3098 1919 3157 quo
1954 3077 2021 3137 id
2049 3078 2491 3152 demonstretur,
2530 3087 2593 3137 at
2627 3098 2761 3138 cum
2796 3098 2921 3136 car-

661 3189 665 3193 >
732 3163 993 3222 minibus
1027 3165 1093 3222 in
1125 3163 1377 3221 Furium
1411 3169 1471 3221 et
1503 3160 1816 3223 Aurelium
1858 3164 2085 3240 scriptis
2124 3161 2270 3239 (XV
2302 3164 2466 3222 XXI
2498 3162 2656 3221 XVI
2688 3162 2921 3222 XXIII

733 3247 956 3307 XXVI
987 3248 1108 3324 XI)
1143 3250 1232 3306 ita
1268 3247 1584 3306 cohaerent
1616 3255 1685 3306 ut
1715 3249 1782 3306 in
1815 3245 1976 3305 idem
2009 3247 2134 3307 fere
2167 3254 2397 3326 tempus
2432 3250 2632 3306 omnia
2654 3246 2920 3307 incidere

733 3331 1065 3411 putandum
1118 3334 1210 3391 sit.
1279 3351 1326 3391 c.
1369 3332 1470 3390 XI
1521 3339 1718 3391 autem
1759 3352 1811 3390 a.
1859 3327 2087 3409 699s55
2142 3336 2509 3411 conpositum
2560 3351 2687 3392 esse
2740 3353 2921 3411 supra

734 3419 1202 3477 memoravimus.
1265 3435 1513 3496 cumque
1548 3436 1626 3477 ex
1660 3435 1729 3476 eo
1764 3417 2017 3476 Furium
2051 3425 2111 3477 et
2143 3416 2457 3478 Aurelium
2488 3419 2717 3477 Romae
2750 3417 2923 3477 habi·

731 3509 891 3563 tasse
925 3501 1128 3579 colligi
1160 3505 1362 3581 possit,
1400 3505 1621 3582 quippe
1656 3505 1761 3581 qui
1794 3502 2051 3563 Lesbiae
2086 3502 2388 3583 quoddam
2430 3510 2641 3582 poetae
2672 3501 2920 3562 manda-

731 3594 860 3647 tum
892 3586 1154 3668 perferre
1195 3586 1528 3660 iubeantur,
1575 3589 1694 3647 ista
1729 3606 1961 3667 quoque
2005 3586 2083 3647 ad
2116 3588 2459 3648 Iuventium
2502 3590 2764 3646 carmina
2803 3588 2922 3646 ibi-

733 3672 870 3734 dem
904 3676 1122 3752 scripta
1156 3691 1283 3733 esse
1315 3671 1727 3746 iudicabimus,
1762 3672 1828 3731 id
1863 3672 2022 3752 quod
2058 3677 2237 3733 etiam
2272 3694 2319 3734 c.
2347 3673 2630 3732 LXXXI
2661 3676 2693 3732 1
2732 3673 2922 3732 verba

735 3758 827 3817 ‘in
869 3765 1036 3819 tanto
1079 3757 1300 3837 populo
1315 3758 1330 3785 ’
1375 3757 1657 3817 indicant.
1727 3758 2069 3818 Iuventium
2113 3779 2254 3819 vero
2298 3762 2494 3837 ipsum
2535 3778 2658 3817 non
2691 3759 2921 3818 Romae

728 3850 939 3904 natum
971 3842 1172 3917 fuisse,
1211 3842 1315 3903 sed
1349 3843 1604 3922 hospitio
1640 3843 1728 3904 ibi
1762 3844 2018 3903 hominis
2054 3842 2358 3904 cuiusdam
2390 3843 2640 3903 Pisauro
2679 3842 2920 3902 oriundi

732 3946 904 3986 usum
939 3946 1065 3987 esse
1099 3947 1176 3987 ex
1211 3948 1258 3987 c.
1285 3928 1568 3988 LXXXI
1604 3930 1641 3988 3
1670 3948 1713 3988 s.
1749 3928 2136 4007 intellegitur.
2192 3949 2445 4008 quocum
2478 3931 2529 3988 si
2556 3949 2604 3988 c.
2632 3928 2755 3990 XV
2781 3948 2920 3987 con-

731 4032 1024 4091 paramus,
1059 4012 1353 4091 hospitem
1385 4013 1555 4072 illum
1589 4014 1855 4075 Iuventii
1890 4014 2139 4095 adparet
2163 4034 2285 4072 non
2319 4013 2504 4072 alium
2529 4013 2712 4072 fuisse
2739 4033 2918 4093 quam

731 4093 1045 4157 Aurelium
1080 4093 1366 4173 (animum
1399 4097 1672 4158 attendas
1708 4101 1774 4158 in
1806 4102 2009 4179 primis
2053 4098 2132 4158 ad
2172 4097 2325 4157 illud
2365 4100 2511 4171 foris
2546 4119 2593 4157 c.
2629 4098 2753 4158 XV
2790 4096 2915 4172 12),

729 4185 1151 4265 perspexitque
1200 4183 1267 4244 id
1317 4186 1439 4244 iam
1480 4185 1784 4245 Brunerus
1827 4205 1886 4264 p.
1936 4185 2077 4259 638,
2126 4203 2486 4264 quamquam
2526 4204 2735 4263 parum
2785 4203 2922 4261 pro·
