3225 5171
719 427 907 470 nxxnr
1106 410 1113 417 ‘
1582 422 2041 473 enonaeoxesa

716 549 826 604 ,huc
870 545 1176 614 adventate,
1231 541 1508 600 LXVIII
1544 544 1622 599 21
1679 552 1739 599 tu
1780 563 1902 599 mea
1945 553 2003 600 tu
2053 545 2289 600 moriens
2329 544 2553 617 fraqisti
2597 545 2897 616 commoda,

717 631 938 709 quibus
976 648 1108 687 cum
1141 627 1287 686 locis
1321 626 1575 686 conferri
1600 626 1871 685 iubemus
1892 627 2242 686 Callimachi
2266 628 2466 707 hymn.
2486 629 2577 687 IV
2600 630 2739 686 204.
2756 629 2894 686 214.

720 717 814 776 VI
854 716 947 773 17.
987 714 1083 785 64,
1121 712 1422 771 Theocriti
1458 732 1504 770 c.
1531 712 1754 771 XVIII
1781 713 2051 785 50—52,
2086 713 2295 771 Bionis
2322 713 2546 773 XVIII
2576 715 2629 785 1,
2668 713 2898 772 Moschi

724 802 759 860 Ι
795 801 891 858 22.
931 799 1077 857 haec
1109 797 1423 856 habuimus
1458 816 1610 875 quae
1648 796 1722 856 de
1756 799 1982 856 iteratis
2018 804 2078 856 et
2110 797 2379 857 versibus
2416 809 2475 857 et
2507 797 2705 857 verbis
2744 797 2898 858 dice·

722 905 934 945 remus.
1015 902 1049 942 e
1092 884 1298 942 ceteris
1354 882 1559 958 figuris
1607 884 1748 940 satis
1800 892 1923 940 esto
1975 885 2398 961 metonymiam
2449 883 2615 941 illam
2668 882 2898 943 adferre

718 991 845 1050 qua
879 968 1268 1046 Amphitrites
1313 974 1371 1026 et
1405 967 1673 1044 Tethyos
1716 970 1961 1024 nomina
2002 988 2109 1046 pro
2146 969 2295 1026 mari
2337 971 2531 1046 posita
2565 975 2703 1027 sunt
2736 970 2803 1026 in
2847 988 2895 1027 c.

726 1055 936 1114 LXIV
976 1056 1071 1126 11,
1105 1052 1316 1111 LXVI
1353 1053 1450 1124 70,
1489 1052 1895 1111 LXXXVIII
1931 1052 1987 1124 5,
2025 1071 2200 1131 quem
2236 1073 2405 1111 usum
2441 1054 2561 1111 iam
2594 1053 2896 1130 Hauptius

721 1160 928 1219 opusc.
961 1139 1042 1211 II,
1080 1158 1136 1215 p.
1168 1140 1247 1195 74
1268 1157 1310 1194 S.
1346 1143 1504 1195 recte
1538 1135 1616 1194 ad
1642 1136 2186 1195 Alexandrinorum
2219 1145 2526 1216 poetarum
2562 1138 2897 1216 exemplum

724 1225 965 1285 rettulit.
1036 1222 1114 1280 ad
1147 1241 1422 1281 numeros
1459 1220 1618 1299 quod
1654 1224 1879 1295 attinet,
1914 1230 2147 1300 praeter
2182 1222 2672 1300 spondiazontum
2704 1231 2897 1300 capta-

723 1314 947 1370 tionem
990 1309 1109 1366 iam
1155 1327 1332 1384 supra
1377 1305 1732 1384 explicatam
1775 1306 1888 1365 hoc
1930 1326 2164 1387 quoque
2208 1316 2342 1385 post
2385 1306 2711 1367 Godofredi
2747 1308 2898 1367 Her-

725 1396 931 1457 manni
964 1396 1028 1453 in
1057 1391 1296 1470 Orphic.
1324 1411 1381 1469 p.
1413 1392 1534 1450 692
1556 1411 1628 1450 ss.
1667 1392 2105 1451 observationes
2142 1392 2504 1452 confidenter
2529 1392 2605 1451 ab
2632 1391 2898 1451 Alexan-

722 1483 934 1540 drinae
970 1478 1110 1536 artis
1147 1476 1339 1534 studio
1374 1479 1561 1555 repeti
1595 1484 1787 1554 potest
1821 1476 1979 1556 quod
2016 1475 2287 1536 Catullus
2320 1479 2387 1535 in
2412 1496 2587 1536 versu
2620 1477 2898 1536 hexame-

725 1575 816 1625 tro
862 1565 1210 1623 incisionem
1253 1568 1388 1640 post
1429 1569 1703 1640 quartum
1758 1562 2098 1621 trochaeum
2141 1583 2275 1621 cum
2320 1565 2559 1621 omnino
2603 1564 2897 1620 rarissime

726 1650 982 1720 admisit,
1002 1655 1128 1705 tum
1145 1648 1210 1704 in
1228 1645 1448 1724 epyllio
1467 1644 1541 1704 de
1557 1645 1727 1705 Pelei
1752 1648 1974 1724 nuptiis
1994 1655 2054 1706 et
2069 1649 2133 1705 in
2160 1646 2343 1706 altero
2371 1646 2701 1725 hymenaeo
2719 1648 2897 1726 plane

724 1734 1069 1794 declinavit.
1139 1731 1290 1790 conf.
1326 1731 1627 1809 Hauptius
1662 1731 1700 1788 l.
1738 1752 1786 1789 c.
1821 1752 1879 1809 p.
1912 1733 1989 1789 78
2028 1739 2086 1790 et
2118 1733 2502 1790 Baumannus
2536 1732 2575 1791 l.
2608 1753 2656 1791 c.
2691 1753 2749 1810 p.
2777 1733 2897 1791 XV

725 1817 860 1900 (qui
905 1820 1166 1898 quinque
1212 1819 1450 1875 omnino
1493 1816 1671 1874 huius
1716 1833 1994 1875 caesurae
2030 1817 2303 1893 exempla
2339 1836 2372 1876 e
2408 1816 2645 1876 Catullo
2682 1817 2895 1890 attulit,

725 1904 835 1964 sed
870 1924 974 1981 pro
1011 1923 1056 1961 c.
1094 1901 1432 1960 LXXXIV
1471 1903 1505 1958 9
1547 1901 1960 1978 corrigendum
1998 1910 2093 1961 estv
2121 1901 2464 1962 LXXXIV
2499 1900 2583 1978 5).

858 1990 992 2047 Etsi
1043 1994 1241 2046 autem
1293 1985 1560 2046 Catullus
1615 1986 1852 2046 scholae
1904 2006 1981 2045 ex
2041 2006 2160 2066 qua
2208 1986 2429 2065 prodiit
2477 1986 2711 2065 placitis
2765 2006 2899 2045 con-

728 2078 1036 2135 venienter
1077 2074 1334 2131 maxime
1374 2070 1818 2131 Alexandrinos
1871 2071 2048 2130 duces
2101 2079 2190 2131 est
2234 2080 2483 2144 secutus,
2518 2079 2720 2131 tamen
2766 2091 2900 2139 eum

729 2181 851 2219 non
894 2156 1223 2237 putandum
1268 2164 1356 2216 est
1397 2159 1671 2236 antiquos
1714 2163 1916 2235 poetas
1962 2156 2221 2216 Graecos
2264 2159 2502 2216 omnino
2547 2156 2900 2234 neglexisse.

726 2251 792 2305 et
821 2243 1270 2302 Homericorum
1305 2241 1546 2321 quidem
1582 2241 1908 2302 studiorum
1944 2243 2196 2316 vestigia
2230 2243 2293 2300 in
2329 2242 2412 2301 eis
2447 2244 2592 2320 ipsis
2630 2244 2901 2300 carmini·

729 2330 843 2389 bus
888 2329 1270 2386 inveniuntur
1316 2344 1468 2404 quae
1511 2329 1811 2406 ceteroqui
1843 2326 2323 2385 Alexandrinum
2368 2327 2620 2386 colorem
2663 2327 2899 2398 habent,

730 2416 901 2472 cuius
935 2410 1094 2470 modi
1121 2431 1243 2469 non
1277 2410 1445 2469 nulla
1478 2411 1781 2489 Hauptius
1817 2420 1874 2470 et
1904 2411 2214 2470 Schulzius
2241 2411 2387 2469 locis
2423 2432 2601 2490 supra
2634 2433 2690 2490 p.
2719 2411 2904 2470 LXX

730 2497 990 2556 laudatis
1034 2495 1373 2555 attulerunt.
1456 2495 1606 2553 conf.
1656 2498 1832 2554 etiam
1877 2496 2035 2578 quod
2070 2518 2128 2575 p.
2163 2497 2381 2554 LXXI
2418 2495 2492 2555 de
2525 2497 2803 2556 Pasithea
2836 2499 2904 2555 in

731 2583 942 2643 Attine
962 2589 1412 2641 commemorata
1438 2579 1714 2640 diximus
1770 2601 1802 2641 e
1828 2580 2030 2658 lyricis
2059 2600 2197 2641 vero
2217 2584 2405 2660 poetis
2425 2581 2693 2642 Catullus
2719 2584 2902 2641 nemi-

733 2688 871 2728 nem
904 2666 1141 2727 videtur
1174 2666 1360 2745 pluris
1397 2666 1604 2725 fecisse
1641 2686 1819 2746 quam
1848 2666 2106 2744 Sappho,
2146 2669 2311 2725 cuius
2348 2667 2794 2726 admirationem
2829 2686 2900 2727 eo

728 2772 968 2833 quoque
1013 2752 1338 2811 declaravit
1378 2750 1536 2830 quod
1582 2750 1829 2810 Clodiae
1872 2751 1947 2810 ab
1992 2751 2151 2809 illius
2193 2754 2387 2830 patria
2428 2772 2643 2812 nomen
2685 2751 2903 2812 indidit

731 2840 1002 2899 Lesbiae.
1083 2847 1170 2896 est
1213 2845 1409 2896 autem
1461 2839 1684 2915 primus
1727 2838 2129 2895 Romanorum
2173 2840 2277 2915 qui
2320 2837 2618 2915 stropham
2669 2856 2822 2916 quae
2866 2858 2903 2895 a

729 2924 973 3004 Sappho
1011 2922 1469 3001 adpellationem
1504 2924 1686 2980 traxit
1712 2921 1983 2981 adhibuit
2016 2924 2081 2980 in
2100 2942 2145 2980 c.
2174 2922 2273 2980 XI
2296 2930 2356 2980 et
2378 2922 2483 2994 LI,
2523 2922 2901 3001 eiusdemque

728 3009 1128 3069 aemulatione
1164 3028 1298 3067 eum
1332 3010 1398 3065 in
1435 3027 1484 3065 c.
1518 3007 1712 3064 XXX
1745 3007 2012 3066 versibus
2047 3006 2431 3085 asclepiadeis
2466 3008 2784 3066 maioribus
2819 3009 2905 3065 ita

728 3114 862 3155 esse
896 3113 1069 3151 usum
1112 3100 1179 3150 ut
1221 3094 1393 3151 binos
1435 3094 1502 3149 in
1545 3092 1846 3169 stropham
1883 3094 2267 3168 coniungeret
2312 3112 2444 3150 cum
2485 3092 2781 3171 plerisque
2815 3112 2903 3151 re·

730 3181 1060 3238 centiorum
1104 3196 1448 3254 persuasum
1489 3176 1791 3235 habemus·
1872 3176 2025 3235 conf.
2070 3176 2394 3255 Hephaest.
2450 3197 2507 3256 p.
2547 3177 2645 3235 35.
2684 3178 2782 3235 60.
2821 3176 2899 3235 65

734 3262 1001 3340 Westph.
1040 3268 1099 3320 et
1130 3261 1497 3319 Lachmann.
1535 3281 1729 3339 opusc.
1768 3262 1851 3334 II,
1889 3281 1943 3339 p.
1985 3262 2064 3318 94
2085 3282 2126 3320 s.
2175 3261 2280 3320 sed
2312 3282 2434 3321 non
2468 3265 2531 3320 in
2565 3281 2630 3321 re
2663 3264 2904 3321 metrica

728 3348 862 3408 sola
897 3348 1230 3405 continetur
1263 3364 1467 3404 musae
1502 3345 1834 3424 Sapphicae
1868 3348 2135 3405 imitatio.
2190 3367 2329 3404 nam
2366 3348 2641 3406 carminis
2666 3347 2755 3405 LI
2787 3355 2904 3405 tres

732 3432 1009 3510 strophae
1059 3434 1284 3509 priores
1338 3448 1371 3489 e
1423 3430 1803 3490 celeberrima
1843 3430 2096 3491 Lesbiae
2140 3434 2401 3509 poetriae
2453 3432 2566 3490 oda
2602 3431 2702 3505 (fr.·
2735 3436 2771 3491 2
2809 3428 2905 3506 Β.)

731 3537 1046 3596 expressae
1091 3523 1241 3575 sunt.
1321 3534 1514 3594 neque
1556 3534 1698 3574 vero
1745 3515 2079 3574 dubitamus
2124 3519 2209 3575 eis
2254 3516 2537 3576 adsentiri
2580 3519 2683 3596 qui
2729 3519 2908 3576 etiam

729 3625 783 3663 c.
810 3602 997 3662 LXII
1030 3604 1094 3661 in
1122 3600 1395 3679 Sapphus
1430 3602 1759 3659 imitatione
1793 3603 2048 3679 positum
2084 3620 2210 3661 esse
2247 3610 2504 3660 censent.
2559 3622 2697 3660 nam
2724 3601 2910 3661 Grae-

729 3710 870 3748 cum
906 3707 1117 3767 poema
1153 3685 1422 3763 exemplo
1459 3686 1640 3745 fuisse
1675 3686 1815 3744 huic
1847 3685 2177 3764 hymenaeo
2204 3686 2585 3746 manifestum
2610 3694 2713 3759 est,
2751 3707 2911 3745 cum-

732 3794 850 3854 que
879 3772 1119 3851 Sappho
1145 3774 1209 3830 in
1236 3770 1746 3849 epithalamiorum
1775 3790 1991 3848 genere
2017 3774 2273 3831 maxime
2302 3772 2577 3845 floruerit,
2609 3770 2911 3831 Catullum

728 3868 933 3919 -autem
986 3861 1112 3917 eius
1165 3856 1490 3916 studiosum
1533 3856 1716 3915 fuisse
1759 3864 1983 3915 certum
2027 3859 2120 3930 sit,
2174 3856 2319 3936 quid
2362 3875 2467 3935 per
2510 3876 2573 3915 se
2616 3859 2731 3916 ista
2776 3877 2912 3916 con-

736 3948 960 4003 iectura
994 3940 1398 4021 probabilius?
1468 3940 1572 4000 sed
1609 3941 1959 4000 confirmant
1993 3959 2123 3999 eam
2158 3944 2339 4019 ipsae,
2378 3943 2649 4020 quamvis
2683 3960 2913 4020 paucae

732 4031 873 4100 sint,
920 4029 1246 4085 carminum
1281 4025 1637 4104 nuptialium
1674 4025 1948 4104 Sapphus
1983 4027 2290 4106 reliquiae.
2373 4046 2514 4084 nam
2558 4026 2718 4105 quod
2753 4026 2916 4105 apud

737 4112 1041 4174 Catullum
1078 4132 1133 4169 v.
1173 4112 1252 4169 20
1272 4132 1315 4170 s.
1353 4111 1655 4188 Hesperus
1692 4132 1728 4169 a
1763 4109 2094 4189 puellarum
2140 4110 2312 4170 choro
2350 4110 2714 4170 crudelitatis
2750 4114 2917 4170 incu-

734 4207 918 4272 satur,
956 4198 1057 4277 qui
1104 4204 1305 4255 natam
1348 4198 1533 4276 possit
1568 4196 1859 4276 conplexu
1894 4198 2095 4255 matris
2131 4195 2404 4270 avellere,
2451 4197 2753 4256 simillima
2787 4215 2919 4258 sen·
