3225 5171
1058 446 1413 489 ADNOTATIO
1459 447 1708 490 CRITIOA
2281 447 2470 489 CXXIII

291 566 419 624 293
441 584 485 623 s.
556 566 838 623 vestibulis
873 564 1253 625 Schraderus.
1283 597 1368 607 —
1405 567 1527 625 280
1565 585 1929 641 quoscumque
1954 563 2232 625 Aldinae.
2303 587 2469 642 quos-

297 670 509 725 cunque
540 650 860 728 Hauptius.
949 653 1323 726 quodcumque
1366 649 1755 726 (quodcunque
1792 650 1873 728 G)
1892 651 1964 710 V.
2019 682 2104 693 —
2157 652 2279 709 287
2318 654 2468 710 caris

297 737 522 813 scripsi,
553 737 638 794 ita
665 742 733 793 ut
758 737 1061 794 notissima
1086 736 1480 814 nympharum
1508 735 1765 795 saltandi
1789 734 2061 813 voluptas
2088 737 2469 811 significetur.

297 822 454 878 doris
488 821 563 893 V,
628 819 787 899 quod
839 819 1058 878 frustra
1110 840 1298 898 nuper
1342 819 1608 880 defendit
1648 821 1980 881 Roscherus
2024 819 2221 879 annal.
2265 821 2469 899 philol.

298 904 514 964 CXXI
552 907 671 963 786
694 924 738 962 s,
827 907 1034 963 crebris
1069 906 1369 984 Hauptius
1414 925 1448 965 e
1490 908 1828 965 coniectura
1868 905 2255 977 Lachmanni‚
2309 905 2470 985 quod

297 990 446 1048 mihi
479 989 720 1069 quidem
747 992 888 1048 satis
922 989 1273 1066 languidum
1298 990 1548 1050 videtur.
1576 1022 1662 1031 --
1691 992 1811 1049 296
1850 993 1994 1048 silici
2026 990 2274 1063 codiceS,
2312 990 2472 1071 quod

296 1074 442 1134 ferri
492 1095 627 1134 cum
676 1076 878 1153 possit,
929 1073 1331 1134 reducendum
1380 1077 1588 1154 putavi
1632 1095 1765 1134 cum
1807 1075 2017 1134 Ellisio
2070 1083 2129 1134 et
2179 1075 2468 1149 Vahlen0,

300 1179 659 1239 quamquam
713 1178 844 1218 eam
894 1180 1135 1218 manum
1186 1167 1396 1238 poetae
1448 1179 1575 1219 esse
1626 1181 1747 1218 non
1796 1162 2200 1238 praestiterim.
2289 1159 2393 1219 sed
2438 1180 2472 1220 e

301 1247 650 1303 coniecturis
705 1243 900 1302 adhuc
951 1244 1193 1322 prolatis
1238 1243 1403 1303 nulla
1445 1245 1592 1303 mihi
1645 1247 1785 1304 satis
1831 1245 1989 1303 facit.
2075 1243 2347 1320 Scythicis
2390 1246 2468 1305 N.

298 1329 604 1401 Heinsius,
648 1348 823 1408 quem
856 1329 1158 1408 Hauptius
1201 1339 1432 1389 secutus
1468 1338 1571 1403 est,
1619 1333 1677 1387 in
1708 1328 1938 1405 Scythia
1970 1328 2332 1401 Schwabius,
2370 1333 2470 1387 tri-

295 1416 442 1491 plici
468 1414 882 1474 Baehrensius.
918 1445 1002 1455 -——
1040 1415 1163 1472 300
1198 1414 1324 1472 Idri
1350 1417 1457 1473 vix
1490 1435 1716 1474 sanum.
1775 1417 1908 1491 ydri
1938 1414 2011 1473 V.
2077 1415 2323 1473 Ellisius
2358 1415 2472 1474 for·

297 1507 455 1559 tasse
521 1501 609 1557 Iri
669 1498 1042 1558 scribendum
1102 1507 1287 1577 putat,
1358 1518 1511 1578 quae
1573 1500 1687 1558 fuit
1747 1499 1885 1558 urbs
1947 1499 2341 1559 Maliensium.
2386 1531 2472 1542 -—

300 1585 425 1642 309
462 1604 654 1642 roseae
687 1586 840 1641 niveo
875 1583 952 1642 A.
991 1583 1307 1644 Guarinus.
1377 1604 1535 1642 roseo
1570 1588 1760 1642 niveae
1792 1584 2229 1656 LachmannuS,
2264 1585 2473 1664 Haup-

297 1671 418 1727 tius
472 1668 792 1729 secundum
845 1669 1041 1728 libros.
1129 1689 1333 1730 verum
1383 1678 1517 1727 utut
1569 1669 1725 1728 hanc
1764 1669 2075 1729 lectionem
2121 1669 2471 1747 explicando
2575 1702 2580 1705 Δ

298 1756 454 1812 tueri
481 1757 726 1827 conaris,
769 1753 981 1814 falsam
1010 1772 1140 1813 eam
1168 1774 1295 1814 esse
1322 1757 1441 1813 iam
1469 1765 1529 1813 at
1553 1754 1846 1833 particula
1882 1753 2258 1827 demonstrat,
2293 1775 2472 1834 quam

299 1860 423 1897 non
458 1841 746 1917 posuisset
779 1848 966 1917 poeta,
1003 1841 1119 1898 nisi
1154 1839 1442 1898 candidae
1475 1842 1627 1899 vesti
1661 1859 1971 1918 parcarum
2006 1838 2225 1898 diversi
2260 1839 2471 1898 coloris

295 1926 480 1981 vittas
525 1942 819 2003 opponere
858 1924 1157 1982 voluisset.
1246 1933 1502 1984 ceterum
1547 1924 1726 2003 plane
1767 1923 1925 1981 idem
1958 1925 2170 1982 vitium
2204 1944 2263 1983 v.
2300 1925 2377 1981 31
2419 1922 2471 1984 Ο

301 2011 612 2067 contraxit.
647 2040 733 2050 —-—
769 2009 893 2066 320
934 2012 1192 2067 vellentes
1235 2009 1305 2066 L.
1342 2010 1665 2068 Fruterius.
1740 2011 2011 2084 pellentes
2045 2008 2120 2067 V.
2189 2018 2473 2083 pectentes

300 2092 542 2166 Statius,
597 2113 774 2173 quem
823 2093 1126 2172 Hauptius
1179 2100 1409 2153 secutus
1463 2101 1566 2153 est.
1620 2123 1705 2133 —
1760 2094 1883 2151 324
1936 2095 2067 2150 nato
2121 2102 2471 2171 suspectum.
2553 2142 2556 2145 Α

296 2185 559 2237 ceterum
612 2199 734 2237 non
789 2180 1112 2248 clarissime,
1168 2176 1272 2237 sed
1325 2181 1609 2235 carissime
1642 2178 1716 2238 V.
1761 2209 1847 2220 —-
1896 2178 2019 2235 330
2056 2178 2154 2235 tibi
2182 2180 2472 2248 flexanimo

282 2273 526 2320 mentem
545 2264 858 2339 perfundat
885 2282 1070 2320 amore
1104 2264 1389 2322 Muretus.
1442 2265 1539 2321 tibi
1568 2265 1708 2333 flexo
1735 2265 1915 2320 animo
1941 2266 2134 2320 mentis
2161 2265 2475 2338 perfundat

303 2367 544 2406 amorem
562 2346 621 2407 G
650 2368 782 2406 cum
820 2347 1063 2426 reliquis
1091 2347 1386 2427 plerisque
1415 2344 1503 2421 (in
1524 2346 1576 2408 Ο
1596 2367 1800 2407 versus
1832 2344 2036 2421 deest).
2108 2358 2161 2406 te
2184 2350 2471 2418 flexanimo

299 2435 497 2490 mentis
539 2433 847 2508 perfundat
898 2452 1084 2490 amore
1126 2433 1425 2511 Hauptius
1470 2432 1544 2492 de
1588 2435 1924 2492 coniectura
1964 2433 2351 2492 Lachmanni.
2387 2463 2475 2474 —-

303 2519 427 2576 334
475 2519 709 2575 contexit
741 2517 815 2589 V,
862 2515 1021 2597 quod
1062 2518 1170 2575 vix
1212 2526 1300 2576 est
1344 2537 1447 2575 cur
1481 2526 1805 2598 spernatur,
1850 2526 2318 2598 revocaruntque
2353 2520 2473 2577 iam

301 2603 552 2662 Ellisius
580 2611 639 2662 et
662 2602 985 2663 VahlenuS.
1049 2607 1259 2661 conavit
1288 2604 1588 2683 Hauptius
1618 2602 1695 2663 de
1720 2605 2057 2664 coniectura
2080 2604 2470 2663 Lachmanni.

301 2687 406 2748 sed
463 2690 550 2747 ita
608 2695 1070 2768 praeoccupatur
1130 2691 1421 2748 sententia
1489 2689 1872 2768 subsequenti
1941 2707 2118 2748 versu
2180 2688 2351 2747 elata.
2387 2720 2471 2729 —

303 2773 428 2832 350
470 2775 624 2832 inter
665 2773 850 2833 verba
895 2793 1014 2830 cum
1058 2781 1117 2833 et
1172 2793 1339 2832 canos
1383 2793 1637 2832 vacuum
1678 2774 1874 2832 locum
1915 2773 2245 2851 relinquere
2288 2772 2475 2831 malui

303 2879 478 2937 quam
522 2862 581 2915 in
626 2862 856 2916 cinerem
899 2879 975 2918 ex
1016 2859 1076 2917 D
1114 2859 1364 2939 aliisque
1409 2876 1445 2925 ς
1487 2877 1621 2917 cum
1662 2857 2049 2916 Lachmanno
2090 2858 2474 2937 Hauptioque

302 2942 643 3002 adsciscere.
732 2964 871 3002 nam
921 2947 979 3000 in
1042 2947 1272 3002 cinerem
1331 2947 1543 3001 solvere
1607 2945 1787 3000 crines
1837 2939 2121 3000 Latinum
2173 2960 2300 3001 esse
2350 2953 2473 3003 non

300 3027 564 3104 adducor
605 3035 673 3085 ut
715 3027 967 3086 credam.
1054 3031 1309 3087 inciuium
1345 3026 1402 3087 G
1437 3047 1570 3085 cum
1603 3034 1774 3105 parte
1807 3025 2185 3104 reliquorum.
2264 3029 2473 3085 inciuos

299 3112 375 3185 O,
421 3110 581 3192 quod
624 3112 700 3171 ab
747 3110 951 3171 eadem
995 3132 1177 3170 manu
1217 3115 1283 3171 in
1324 3115 1582 3182 incitatam,
1628 3119 1696 3169 ut
1738 3110 1988 3184 videtur,
2034 3119 2322 3171 mutatum
2367 3120 2471 3171 est.

299 3198 415 3257 fuit
459 3216 593 3256 611111
636 3196 984 3255 Baehrensii
1027 3199 1424 3257 coniecturam
1468 3199 1732 3254 incultum
1777 3215 1913 3254 cano
1958 3200 2168 3254 solvent
2203 3218 2240 3254 a
2274 3201 2474 3255 vertice

304 3285 507 3340 crinem
558 3278 786 3355 (crimen
822 3278 901 3358 O)
957 3290 1174 3340 certam
1228 3289 1521 3361 putarem:
1573 3301 1736 3340 nunc
1785 3281 1939 3341 male
1990 3301 2062 3341 ea
2114 3282 2473 3342 adiectivum

298 3365 462 3446 quod
514 3373 601 3426 est
644 3384 817 3423 canus
861 3386 898 3423 a
940 3367 1199 3425 crinibus
1242 3366 1321 3425 ad
1363 3367 1646 3426 verticem
1696 3367 2002 3426 transferri
2044 3366 2235 3426 video·
2316 3368 2469 3428 conf.

299 3451 479 3511 Ovid.
533 3458 765 3510 metam.
800 3450 968 3510 XIII
1001 3452 1142 3524 427,
1187 3470 1363 3531 quem
1405 3451 1600 3518 locum
1643 3459 1779 3530 apte
1831 3451 2078 3511 contulit
2119 3452 2363 3511 Ellisius
2407 3455 2471 3512 in

300 3537 500 3595 adnot.
540 3538 665 3596 crit.
704 3567 786 3576 —
825 3537 942 3594 361
982 3543 1113 3614 post
1157 3536 1318 3595 hunc
1352 3555 1587 3595 versum
1622 3535 1913 3616 quaedam
1949 3536 2238 3597 excidisse
2274 3546 2473 3597 censet

302 3629 623 3700 praeeunte
664 3620 1041 3679 Froehlichio
1084 3621 1154 3679 L.
1191 3621 1529 3694 Muellerus,
1574 3620 1822 3681 fortasse
1854 3629 2026 3681 recte.
2113 3642 2471 3701 quamquam

300 3709 710 3765 necessitatem
753 3705 1099 3764 statuendae
1140 3706 1390 3765 lacunae
1432 3705 1583 3764 illud
1629 3708 1860 3781 denique
1893 3727 1949 3764 v.
1990 3708 2111 3765 362
2156 3708 2260 3765 vix
2305 3710 2471 3785 inpo-

302 3809 444 3850 nere
478 3790 728 3850 videtur.
748 3822 833 3832 —
860 3791 982 3848 378
1021 3810 1054 3850 6
1079 3790 1260 3869 longo
1290 3800 1552 3870 tempore
1580 3799 1918 3869 suspectum
1942 3793 2112 3850 uncis
2136 3790 2368 3850 inclusi.
2386 3822 2472 3833 —-

305 3877 426 3934 387
473 3877 722 3933 residens
767 3876 1179 3935 Baehrensius.
1267 3878 1511 3934 revisens
1553 3876 1709 3947 libri,
1763 3874 1922 3954 quod
1965 3894 2041 3935 ex
2083 3896 2139 3935 v.
2186 3877 2308 3934 376
2354 3875 2471 3935 11116

295 3962 605 4038 irrepsisse
654 3959 905 4032 videtur,
958 3967 1018 4019 et
1069 3963 1151 4019 sic
1194 3962 1513 4039 Hauptius.
1550 3991 1636 4001 —
1672 3962 1794 4020 392
1814 3980 1858 4018 s.
1903 3960 2198 4020 adsentior
2240 3963 2324 4019 eis
2368 3963 2512 4040 qui-

302 4045 449 4104 haec
501 4065 633 4103 cum
684 4046 882 4104 verbis
944 4048 1301 4124 praegressis
1354 4053 1491 4124 apte
1552 4046 1877 4104 consociari
1927 4045 2006 4103 ad
2053 4045 2472 4125 Bacchumque

301 4128 508 4190 referri
549 4148 721 4207 posse
763 4138 1002 4207 negant.
1081 4129 1185 4191 sed
1228 4134 1360 4210 ipsa
1404 4133 1731 4190 sententiae
1765 4128 2147 4189 conformatio
2184 4150 2317 4188 cum
2351 4151 2474 4190 non

295 4233 374 4273 ea
417 4216 493 4273 sit
536 4222 602 4273 ut
642 4214 713 4274 L.
749 4216 1024 4275 Muelleri
1075 4219 1447 4277 coniecturae
1505 4214 1707 4277 faveat
1754 4215 2029 4275 lacunam
2080 4223 2213 4294 post
2255 4236 2311 4274 v.
2350 4216 2469 4273 391
