3225 5171
1133 491 1591 534 PROLEGOMENA
2262 492 2461 533 XXXIII

278 613 345 669 vi
364 609 566 670 debis
603 617 661 668 et
696 609 872 668 feres'
911 608 1274 668 simillimum
1300 612 1424 670 veri
1463 618 1569 684 est,
1604 619 1673 669 ut
1708 629 1840 668 cum
1866 609 2157 670 mandatis
2187 609 2458 670 Caesaris

277 697 342 753 in
372 696 579 754 urbem
605 697 815 753 missus
845 713 968 753 esse
996 694 1197 773 ibique
1225 695 1592 773 aliquamdiu
1619 697 1904 755 mansisse
1929 695 2217 767 videatur,
2256 715 2458 774 quem·-
2508 737 2512 741 -

279 779 601 839 admodum
661 782 840 838 etiam
890 779 1147 838 Balbum
1198 780 1371 838 modo
1426 782 1490 838 in
1552 781 1860 858 provincia
1912 781 2071 860 apud
2134 785 2459 841 exercitum

276 863 478 937 fuisse,
525 863 699 924 modo
733 865 960 923 Romae
1005 864 1441 924 commodorum
1483 865 1848 943 proconsulis
1883 865 2238 925 tuendorum
2280 886 2459 924 causa

279 957 701 1008 commoratum
773 968 898 1008 esse
968 951 1181 1008 scimus
1252 945 1429 1024 (conf.
1494 951 1879 1008 Drumannus
1940 950 2073 1009 hist.
2135 952 2307 1011 Rom.
2368 951 2454 1023 Π,

276 1054 333 1111 p.
383 1035 504 1092 597
535 1054 579 1093 s.
629 1035 750 1092 601
781 1031 868 1109 0.).
914 1066 997 1075 -—
1041 1038 1415 1113 pervenimus
1459 1055 1621 1094 nunc
1664 1033 1743 1094 ad
1785 1054 1834 1093 c.
1879 1035 2077 1108 LVII,
2124 1036 2281 1115 quod
2325 1043 2459 1113 post

275 1119 503 1177 XXIX
539 1121 821 1197 scriptum
855 1137 981 1178 esse
1015 1118 1208 1179 habeo
1255 1139 1360 1178 cur
1402 1119 1678 1180 iudicem.
1751 1139 1891 1178 nam
1938 1140 2072 1178 cum
2115 1123 2180 1180 in
2226 1120 2347 1194 1110,
2391 1129 2458 1179 ut

276 1203 553 1277 vidimus,
591 1212 766 1282 poeta
794 1222 1057 1262 socerum
1092 1221 1494 1283 generumque
1522 1225 1651 1265 eam
1679 1211 1911 1263 tantum
1945 1206 2019 1265 ob
2049 1226 2287 1265 causam
2317 1209 2458 1286 quia

275 1291 582 1347 inimicum
636 1308 809 1347 suum
850 1288 1091 1347 foveant
1134 1288 1413 1362 adoritur,
1468 1292 1532 1348 in
1574 1290 1688 1349 hoc
1721 1290 2057 1351 Mamurrae
2112 1299 2170 1350 et
2215 1291 2458 1351 Caesari

274 1376 408 1451 pari
441 1376 560 1431 iam
606 1373 742 1433 odio
787 1373 1045 1432 insultat.
1116 1376 1459 1453 perstringit
1501 1382 1701 1433 autem
1745 1373 2114 1434 contubernii
2157 1396 2357 1436 eorum
2389 1379 2457 1435 in

277 1457 484 1518 Gallia
516 1458 1027 1531 necessitudinem,
1066 1457 1140 1518 de
1175 1479 1310 1538 qua,
1351 1480 1484 1518 cum
1519 1462 1645 1539 ipse
1680 1460 1954 1520 Veronae
1991 1460 2246 1538 degeret,
2292 1460 2455 1519 haud

276 1542 458 1602 dubie
493 1542 818 1615 audiverat,
856 1551 924 1601 ut
950 1563 983 1603 e
1010 1547 1273 1602 maxima
1305 1546 1584 1603 vitiorum
1615 1543 2001 1605 similitudine
2025 1553 2224 1605 natam
2254 1550 2456 1625 eisque

273 1628 581 1687 muliebris
607 1631 977 1707 potissimum
1003 1631 1323 1707 patientiae
1351 1632 1588 1702 crimen,
1627 1651 1663 1688 a
1688 1650 1804 1709 quo
1832 1649 2074 1690 exorsus
2100 1639 2204 1704 est,
2241 1634 2457 1690 iterum

275 1721 456 1792 atque
489 1715 705 1772 iterum
740 1714 1068 1792 exprobrat.
1139 1735 1276 1773 nam
1315 1714 1472 1793 quod
1505 1735 1560 1772 v.
1593 1716 1630 1772 7
1671 1715 1815 1774 ‘uno
1851 1717 1915 1774 in
1950 1715 2224 1776 lecticulo
2262 1716 2455 1776 erudi-

271 1796 414 1857 tuli'
452 1797 744 1872 dicuntur,
782 1799 861 1871 id,
909 1803 1020 1858 etsi
1063 1797 1141 1857 ad
1188 1803 1523 1858 communia
1564 1800 1892 1859 litterarum
1936 1800 2132 1860 studia
2175 1805 2457 1862 maxime-

272 1901 410 1961 que,
459 1891 527 1941 ut
571 1884 717 1942 mihi
760 1882 998 1962 quidem
1039 1883 1293 1957 videtur,
1349 1884 1424 1943 ad
1466 1887 1727 1963 poeticos
1769 1888 2075 1964 utriusque
2116 1887 2280 1947 lusus
2324 1907 2454 1965 per-

264 1971 428 2026 tinet
460 1999 547 2008 ——
583 1966 893 2028 Caesarem
930 1971 1089 2028 enim
1132 1971 1397 2028 carmina
1442 1971 1737 2048 pepigisse
1773 1969 2089 2029 Suetonius
2125 1971 2238 2029 Iul.
2278 1973 2356 2030 56
2396 1980 2456 2031 et

268 2054 341 2110 in
368 2054 494 2110 vita
520 2052 787 2112 Terentii
812 2074 869 2132 p.
899 2055 980 2111 34
1005 2053 1199 2126 Reiff„
1225 2054 1474 2112 Tacitus
1501 2054 1640 2112 dial.
1673 2055 1770 2124 21,
1797 2054 2031 2113 Plinius
2059 2057 2225 2133 epist.
2255 2056 2314 2116 V
2343 2059 2378 2114 3
2414 2057 2449 2115 5

265 2144 452 2196 testes
488 2144 640 2210 sunt,
677 2140 1039 2196 Mamurram
1064 2146 1263 2197 autem
1298 2147 1357 2197 et
1382 2140 1576 2215 ipsum
1602 2138 1869 2197 versibus
1898 2139 2185 2198 faciendis
2213 2160 2453 2218 operam

267 2220 508 2281 dedisse
553 2221 777 2281 Catulli
820 2242 865 2281 0.
907 2222 1030 2294 CV,
1086 2221 1162 2280 de
1205 2241 1321 2300 0110
1366 2221 1524 2280 infra
1570 2241 1831 2299 agemus,
1888 2222 2058 2283 docet
2101 2257 2200 2298 -,
2253 2233 2454 2286 tamen

264 2306 449 2365 'simul
485 2306 562 2365 ad
595 2309 771 2365 istam
803 2306 1229 2384 turpitudinem
1266 2315 1530 2385 spectare
1555 2315 1823 2386 apertum
1858 2317 1960 2368 est.
2013 2328 2207 2388 neque
2244 2310 2452 2371 dubito

265 2393 420 2470 quin
455 2410 659 2450 versus
698 2393 733 2448 9
772 2390 1014 2450 ‘rivales
1050 2393 1194 2450 socii
1229 2392 1646 2470 puellularum’
1682 2395 1769 2451 ita
1803 2393 2237 2470 intellegendus
2274 2400 2351 2455 sit
2384 2404 2453 2455 ut

262 2476 573 2552 Hauptius
609 2494 806 2553 opusc.
834 2476 883 2547 I,
911 2496 966 2554 p.
1001 2477 1122 2533 114
1157 2485 1475 2555 praeeunte
1501 2477 1827 2555 Doeringio
1864 2497 1999 2537 eum
2033 2482 2450 2560 interpretatus

262 2567 374 2621 est.
433 2559 635 2620 crebro
671 2567 867 2620 autem
896 2560 1389 2622 deminutivorum
1423 2564 1488 2622 in
1521 2562 1635 2623 hoc
1670 2565 2094 2643 epigrammate
2128 2585 2241 2626 usu
2272 2574 2453 2647 poeta

263 2644 584 2704 manifesto
628 2644 693 2704 id
745 2648 867 2722 egit
916 2654 984 2704 ut
1026 2646 1340 2706 delicatam
1390 2651 1636 2707 istorum
1679 2650 1927 2708 vivendi
1978 2652 2269 2710 rationem
2318 2655 2450 2731 ipso

259 2732 548 2790 'carminis
591 2751 733 2790 sono
783 2734 1152 2809 exprimeret.
1187 2764 1271 2773 —
1309 2732 1499 2792 eidem
1543 2734 1669 2792 fere
1708 2736 1960 2813 tempori
2007 2756 2056 2794 c.
2093 2736 2239 2795 LIV
2284 2740 2449 2796 attri-

261 2815 572 2875 buendum
607 2823 709 2874 est.
781 2817 938 2895 quod
975 2826 1034 2876 et
1065 2819 1261 2896 ipsum
1294 2826 1426 2896 post
1458 2818 1686 2876 XXIX
1720 2821 2003 2898 scriptum
2037 2839 2164 2881 esse
2197 2825 2449 2881 extremi

263 2900 385 2958 duo
430 2900 704 2959 versiculi
749 2900 1167 2961 demonstrant.
1246 2903 1351 2961 ubi
1397 2901 1669 2961 Catullus
1716 2922 1848 2961 cum
1894 2902 2206 2964 Caesarem
2249 2907 2448 2967 verbis

263 2983 471 3043 ‘unice
512 2986 855 3063 imperator’
901 2986 1255 3065 adloquitur,
1310 2986 1389 3045 ad
1430 3007 1487 3044 v.
1538 2989 1616 3044 11
1663 2987 1821 3046 illius
1874 2991 2147 3048 carminis
2190 2993 2445 3069 respicit.

262 3068 428 3150 quod
478 3078 677 3128 autem
727 3070 852 3130 fore
910 3073 1233 3149 praesentit
1283 3079 1350 3128 ut
1401 3073 1720 3148 imperator
1778 3074 1991 3132 iterum
2054 3075 2174 3134 suis
2232 3076 2447 3136 iambis

259 3157 574 3225 irascatur,
611 3153 750 3213 inde
785 3163 1017 3233 poetam
1053 3159 1178 3215 eius
1217 3155 1290 3214 de
1325 3176 1373 3213 c.
1408 3156 1636 3214 XXIX
1671 3157 2143 3234 indignationem
2190 3180 2447 3241 comper-

258 3246 388 3298 tam
424 3237 702 3297 habuisse
739 3242 1123 3316 cognoscitur.
1185 3244 1386 3319 itaque
1423 3261 1556 3299 cum
1584 3240 1805 3302 Caesar
1838 3263 1875 3301 a
1909 3242 2193 3304 Suetonio
2219 3247 2332 3305 Iul.
2367 3248 2443 3305 73

259 3344 387 3383 non
432 3322 832 3382 dissimulasse
873 3334 1144 3384 narretur
1197 3325 1311 3385 sibi
1355 3346 1391 3384 a
1435 3326 1671 3385 Catullo
1720 3327 2129 3389 ‘versiculis
2175 3330 2259 3391 de
2301 3332 2447 3391 Ma-

256 3407 524 3468 murra’
560 3417 846 3486 perpetua
874 3411 1150 3486 stigmata
1179 3412 1435 3489 inposita
1460 3430 1603 3485 esse,
1640 3433 1762 3472 non
1789 3411 2043 3473 dubitari
2080 3423 2274 3492 potest
2299 3419 2447 3497 quin

263 3492 339 3553 de
390 3493 605 3553 iambis
670 3495 947 3552 carminis
997 3495 1226 3553 XXIX
1287 3498 1659 3573 cogitaverit,
1723 3518 1869 3577 quos
1929 3499 2113 3558 multo
2176 3501 2446 3562 latiorem

260 3580 506 3637 omnino
561 3578 721 3657 apud
772 3586 1000 3638 veteres
1055 3578 1273 3638 famam
1324 3580 1568 3659 adeptos
1621 3601 1749 3642 esse
1801 3602 1978 3662 quam
2023 3605 2070 3643 c.
2114 3584 2312 3658 LVII,
2367 3587 2446 3645 ad

262 3662 426 3742 quod
461 3662 710 3721 Iahnius
755 3662 794 3721 l.
832 3683 880 3722 c.
915 3684 971 3742 p.
1012 3665 1133 3722 241
1183 3664 1404 3725 dictum
1441 3666 1712 3726 Caesaris
1756 3687 1793 3725 a
1838 3667 2119 3728 Suetonio
2162 3670 2445 3729 traditum

256 3747 483 3806 referre
537 3749 762 3821 maluit,
815 3748 933 3807 loci
978 3769 1015 3808 a
1055 3749 1322 3827 Vergilio
1377 3753 1560 3830 epigr.
1614 3751 1717 3810 III
1771 3753 1827 3824 6,
1879 3753 2079 3813 Ρ111110
2132 3762 2253 3814 nat.
2306 3755 2440 3815 hist.

255 3833 545 3893 XXXVI
591 3835 626 3890 6
677 3835 779 3905 48,
827 3832 1201 3907 Quintiliano
1245 3836 1343 3895 IX
1379 3838 1419 3894 4
1467 3836 1584 3893 141
1634 3855 1710 3896 ex
1754 3838 1838 3895 eis
1884 3837 2068 3897 adlati
2110 3838 2443 3899 ostendunt.

260 3936 454 3996 1100110
501 3916 990 3998 hendecasyllabi
1033 3922 1309 3979 carminis
1343 3920 1527 3981 LVII
1569 3921 1918 3981 versiculi
1960 3923 2044 3982 de
2088 3925 2448 3985 Mamurra

260 4010 415 4076 sunt,
470 4001 573 4061 sed
618 4002 691 4063 de
734 4005 1037 4063 Mamurra
1079 4005 1255 4065 simul
1298 4012 1359 4065 et
1395 4004 1666 4066 Caesare.
1737 4013 1992 4067 ceterum
2037 4011 2141 4088 0111
2184 4012 2305 4070 sint
2347 4014 2447 4071 isti

253 4084 529 4147 homines
565 4108 711 4166 quos
747 4091 812 4148 in
847 4110 896 4150 c.
933 4090 1082 4150 LIV
1115 4110 1238 4149 una
1273 4110 1407 4149 cum
1444 4090 1697 4151 Caesare
1726 4091 1996 4152 Catullus
2034 4097 2238 4175 carpit,
2278 4097 2446 4176 quid-

252 4169 375 4249 que
430 4190 566 4231 011111
609 4181 676 4231 ut
720 4173 782 4233 id
824 4174 1047 4234 faceret
1091 4178 1474 4235 commoverit
1523 4177 1706 4255 plane
1758 4178 2082 4254 ignoratur,
2135 4199 2329 4260 1100110
2374 4180 2449 4241 de

250 4255 454 4317 lacero
507 4257 620 4317 hoc
671 4262 966 4337 poematio
1012 4263 1386 4322 coniecturae
1436 4263 1767 4341 periculum
1813 4262 2008 4324 facere
2053 4275 2450 4345 opportunum

359 4353 551 4395 Catullus
2074 4361 2109 4404 0
