3225 5171
1205 409 1661 456 PROLEGOMENA
2454 413 2545 454 CV·

478 532 683 592 Unum
727 538 814 590 est
864 549 1074 610 poema
1110 530 1329 591 Catulli
1375 530 1535 590 felici
1581 551 1722 590 casu
1763 550 1872 609 per
1908 530 2092 591 multo
2130 534 2531 612 antiquiorem

355 638 531 697 quam
562 617 620 678 G
655 623 714 676 et
741 616 793 677 O
818 616 1035 675 librum
1068 617 1240 675 nobis
1276 616 1573 689 traditum,
1612 636 1846 675 carmen
1880 616 2083 689 LXII,
2122 617 2277 696 quod
2315 617 2548 694 legitur·

354 707 535 762 etiarn
567 705 634 760 in
667 703 973 760 notissimo
1010 701 1211 760 codice
1246 701 1523 760 Parisino
1548 702 1682 760 Lat.
1714 703 1880 761 8071ν
1917 705 2044 762 sive
2079 703 2368 761 Thuaneo
2402 700 2527 778 (T),

356 807 532 867 quem
567 786 802 846 saeculo
838 807 994 846 nono
1031 789 1272 846 exeunti
1306 787 1652 846 attribuunt.
1714 787 2011 865 specimen
2045 789 2368 866 scripturae
2404 791 2542 846 eius-

356 872 646 933 dederunt
679 871 924 930 Ellisius
959 871 1038 929 ad
1071 891 1128 950 p.
1161 873 1284 930 100
1319 870 1410 931 ed.
1441 873 1541 930 alt.
1571 881 1629 932 et
1654 871 2040 931 Chatelanius
2073 872 2111 929 l.
2140 893 2188 931 c.
2216 872 2333 931 tab.
2360 873 2541 933 XIV.

359 960 454 1017 cui
487 957 678 1016 codici
702 965 932 1016 vetusto
958 960 1279 1015 maximam
1310 960 1376 1015 in
1409 956 1767 1017 recensendo
1795 957 2174 1034 epithalamio
2195 957 2547 1017 Catulliano

357 1046 765 1103 auctoritatem
809 1060 937 1101 esse
981 1050 1439 1101 consentancum
1482 1050 1584 1101 est.
1657 1045 1989 1120 conparatis
2032 1050 2229 1102 autem
2271 1045 2426 1102 inter
2469 1062 2546 1102 sex

357 1128 499 1187 libri
534 1128 590 1185 T
626 1134 685 1186 et
720 1126 1122 1205 exemplorum
1150 1146 1226 1185 ex
1251 1128 1309 1188 V
1339 1126 1722 1186 deductorum
1757 1127 1901 1186 locis
1934 1125 2231 1187 lacunosis
2266 1128 2532 1187 lectioni-

357 1214 585 1293 busque
629 1215 713 1270 eis
756 1231 909 1291 quae
952 1211 1179 1290 aliquid
1221 1213 1355 1270 vitii
1398 1219 1820 1271 contraxerunt
1864 1212 2045 1272 facile
2089 1216 2440 1292 perspicitur
2472 1214 2534 1272 V

354 1306 423 1357 ‘et
453 1299 510 1356 Τ
544 1300 685 1370 sive,
721 1305 789 1354 ut
815 1302 1145 1356 accuratius
1178 1296 1401 1377 loquar,
1438 1297 1576 1356 libri
1603 1299 1659 1356 Τ
1686 1316 1819 1356 eam
1851 1306 2080 1376 partem
2115 1318 2266 1377 quae
2308 1298 2532 1357 Catulli

360 1405 409 1443 c.
446 1382 633 1442 LXII
677 1384 938 1441 continet
988 1401 1064 1442 ex
1119 1402 1238 1440 uno
1291 1382 1608 1461 eodemque
1664 1382 1981 1462 archetypo
2034 1383 2292 1443 fluxisse.
2372 1383 2548 1461 quod

362 1468 724 1545 archetypon
776 1475 913 1525 sunt
963 1470 1065 1546 qui
1110 1469 1176 1525 in
1222 1466 1425 1527 Gallia
1477 1469 1618 1527 olim
1662 1467 2038 1526 adservatum
2091 1468 2271 1527 fuisse
2320 1475 2535 1546 putent

360 1561 670 1632 propterea
739 1555 879 1631 quia
948 1551 1290 1629 anthologia
1350 1556 1676 1612 carminum
1734 1553 2085 1612 Latinorum
2145 1573 2296 1632 quae
2363 1554 2543 1612 libris«

357 1639 650 1697 Thuaneo
703 1646 761 1696 et
814 1637 1255 1696 Sannazariano
1309 1645 1782 1716 repraesentatur
1833 1640 1897 1696 in
1948 1637 2054 1696 illa
2096 1645 2252 1697 terra
2294 1637 2550 1698 videtur

362 1725 664 1802 conposita
707 1740 848 1781 esse.
938 1731 1000 1781 at
1039 1730 1240 1782 tamen
1281 1723 1394 1782 hoc
1437 1723 1515 1782 ad
1558 1724 1731 1781 istam
1774 1725 2114 1800 opinionem
2163 1723 2530 1801 probandam

360 1811 602 1868 minime
646 1806 878 1867 sufficit.
949 1826 1102 1886 quae
1143 1806 1278 1886 plus
1320 1827 1463 1867 sane
1507 1807 1861 1867 firmamenti
1914 1807 2173 1881 haberet,
2230 1811 2280 1867 si
2322 1829 2545 1867 verum,

361 1890 515 1954 esset
546 1892 705 1973 quod
741 1892 1033 1969 Georgius
1066 1894 1345 1969 Voigtius
1378 1897 1444 1952 in
1477 1892 1630 1950 libro
1676 1894 1779 1970 qui
1821 1891 2163 1952 inscribitur
2207 1892 2329 1952 ‘die
2365 1894 2527 1953 Wie-

363 1978 767 2054 derbelebung
809 1977 912 2037 des
965 1978 1321 2037 classischen
1364 1977 1776 2050 Alterthums',
1820 1983 1861 2036 t.
1907 1976 1992 2048 11,
2037 1998 2093 2056 p.
2133 1977 2252 2035 335
2301 1977 2391 2037 ed.
2427 1978 2543 2037 alt...

361 2071 578 2137 narrat,
615 2064 930 2123 Servatum
956 2062 1212 2140 Lupum,
1248 2062 1483 2120 doctum
1517 2062 1793 2121 abbatem
1822 2060 2064 2121 Gallum
2091 2062 2535 2122 Ferrariensem

362 2149 594 2209 saeculo
638 2168 796 2207 nono
840 2149 1157 2219 viventem,
1213 2150 1452 2222 cognita
1494 2146 1772 2205 habuisse
1810 2144 2033 2205 Catulli
2075 2149 2351 2205 carmina.
2423 2148 2529 2206 sed

359 2235 456 2294 hic
487 2237 672 2293 mirus
707 2252 867 2292 error
899 2239 988 2291 est
1022 2230 1355 2290 confutatus
1381 2251 1418 2289 a
1443 2231 1755 2290 Schwabio
1779 2231 2042 2291 Hermae
2066 2239 2105 2290 t.
2125 2232 2269 2302 XX,
2298 2253 2353 2310 p.
2384 2233 2526 2291 495.

358 2322 560 2399 itaque
602 2316 969 2397 probabilius
1011 2315 1283 2375 videmur
1326 2323 1582 2376 statuere
1618 2317 1794 2376 etiam
1837 2317 2202 2396 archetypon
2245 2317 2541 2378 librorum-¹

355 2405 416 2463 T
453 2412 512 2464 et
543 2404 602 2463 V
635 2405 700 2461 in
734 2403 927 2481 patria
958 2401 1105 2461 urbe
1139 2408 1348 2480 poetae
1380 2403 1700 2480 repositum
1733 2401 1931 2461 fuisse.

490 2488 771 2566 Superest
813 2494 879 2544 ut
921 2486 996 2546 de
1038 2488 1264 2546 ratione
1308 2486 1583 2546 editionis
1627 2495 1864 2546 nostrae
1906 2491 2110 2566 paucis
2146 2505 2530 2565 exponamus,

360 2595 496 2635 cum
538 2574 826 2634 recentior
870 2579 1030 2632 aetas
1072 2579 1190 2632 tres
1233 2571 1433 2632 tulerit
1477 2572 1803 2632 carminum
1838 2572 2063 2634 Catulli
2098 2572 2387 2633 editiones
2425 2573 2525 2633 ad-

359 2668 572 2740 paratu
615 2660 817 2718 critico
860 2661 1192 2730 instructae,
1239 2657 1536 2717 Schwabii
1587 2665 1647 2718 et
1687 2658 2035 2717 Baehrensii
2077 2660 2143 2717 in
2188 2658 2542 2733 Germania‚.

356 2746 558 2805 Ellisii
618 2747 682 2803 in
732 2745 1061 2815 Britannia,
1125 2763 1375 2822 cumque
1424 2744 1681 2821 plurima
1733 2743 2001 2801 codicum
2055 2742 2540 2802 Catullianorum.

358 2830 576 2891 -menda
621 2829 723 2887 diu
767 2831 852 2887 ita
887 2836 1148 2888 correcta
1182 2830 1302 2887 sint
1343 2836 1411 2886 ut
1445 2827 1520 2887 de
1553 2847 1733 2886 manu
1767 2836 1976 2906 poetae
2009 2827 2175 2886 nulla
2209 2836 2388 2888 restet
2422 2828 2528 2886 du-

359 2916 587 2987 bitatio,
628 2934 841 2993 parum
884 2932 918 2973 e
959 2932 1024 2973 re
1067 2932 1193 2973 esse
1237 2911 1512 2971 duximus
1554 2914 1620 2971 in
1660 2911 1774 2970 hac
1821 2911 2079 2971 editione
2122 2931 2540 2992 quaecumque¹

357 3010 593 3081 praeter
640 2999 924 3058 librorum
966 2997 1145 3057 fidem
1189 3000 1407 3075 scripta
1450 3004 1585 3055 sunt
1631 2999 1830 3055 omnia
1864 2996 2162 3069 adnotare,
2208 2997 2312 3058 sed
2346 3018 2527 3064 unam

354 3087 621 3165 priorum
653 3082 975 3142 editionum
1007 3102 1114 3160 pro
1150 3082 1534 3141 fundamento
1571 3100 1699 3140 esse
1732 3082 2025 3141 voluimus
2060 3085 2249 3141 textui
2284 3104 2321 3141 a
2354 3084 2540 3143 nobis.

361 3170 677 3229 constituto
714 3167 1114 3245 elegimusque
1147 3175 1214 3226 ut
1241 3167 1319 3225 ad
1353 3184 1483 3225 eam
1516 3185 1642 3225 rem
1668 3169 1927 3225 omnium
1956 3169 2213 3227 maxime
2247 3167 2521 3228 idoneam

362 3253 640 3315 subtilem
710 3260 769 3310 et
837 3252 1315 3329 circumspectam
1392 3252 1601 3310 horum
1670 3254 1994 3311 carminum
2063 3256 2540 3330 recognitionem?

359 3340 637 3401 Mauricii
671 3337 942 3414 Hauptii,
987 3357 1166 3416 quam
1199 3339 1264 3395 in
1298 3340 1638 3396 universum
1674 3356 1749 3396 ex
1782 3338 2152 3396 Lachmanni
2186 3341 2527 3399 recensione

359 3424 619 3504 pendere
669 3431 875 3481 notum
920 3429 1021 3480 est.
1111 3429 1170 3481 et
1213 3421 1450 3501 quidem
1494 3424 1588 3481 usi
1632 3442 1830 3481 sumus
1874 3422 2133 3483 editione
2184 3426 2308 3482 eius
2352 3428 2528 3483 tertia

358 3511 601 3589 Lipsiae
630 3529 681 3567 a.
713 3507 876 3565 1868
905 3508 1133 3580 emissa,
1168 3506 1225 3564 h.
1254 3525 1300 3566 e.
1329 3506 1535 3565 ultima
1569 3527 1748 3586 quam
1782 3510 1910 3585 ipse
1942 3509 2243 3586 Hauptius
2280 3512 2525 3567 curavit.

361 3615 435 3655 ea
485 3595 559 3655 ab
613 3594 818 3667 altera,
872 3610 1025 3671 quae
1078 3612 1128 3651 a.
1180 3592 1340 3650 1861
1397 3592 1631 3671 prodiit,
1686 3592 2065 3670 conpluribus
2116 3594 2260 3651 locis
2303 3593 2525 3651 differt.

360 3680 525 3741 velut
565 3684 633 3738 in
674 3680 803 3757 ipso
841 3678 1101 3736 carmine
1132 3678 1168 3736 I
1199 3676 1447 3736 lacunae
1493 3678 1633 3736 olim
1678 3697 1811 3735 cum
1843 3678 2227 3736 Lachmanno
2272 3685 2537 3737 statutae

359 3766 459 3824 hic
492 3772 649 3825 recte
680 3763 1029 3841 inprobatae
1064 3770 1216 3835 sunt,
1266 3764 1580 3841 versuique
1620 3762 1654 3819 9
1693 3760 1974 3821 derelicta
2004 3762 2150 3822 libri
2176 3762 2236 3819 D
2272 3762 2534 3822 lectione

363 3853 598 3927 signum
632 3848 1071 3928 depravationis
1107 3854 1195 3906 est
1228 3846 1576 3925 adpositum.
1650 3845 1993 3906 cum'tertia
2025 3847 2383 3926 plerumque,
2422 3847 2529 3908 sed

360 3956 484 3994 non
527 3937 766 3994 omnino
812 3934 1185 3993 consentiunt
1227 3931 1514 3991 editiones
1568 3940 1779 4010 quarta
1821 3939 1881 3990 et
1924 3934 2146 4011 quinta,
2200 3952 2352 4010 quae
2396 3941 2541 4011 post

365 4020 589 4080 obitum
639 4020 894 4097 Hauptii
954 4020 1125 4077 annis
1189 4019 1351 4076 1879
1415 4025 1477 4076 et
1539 4017 1702 4075 1885
1767 4016 2111 4095 prodierunt
2162 4026 2396 4077 curatae
2450 4018 2537 4076 ab*

363 4105 634 4164 Iohanne
658 4104 944 4164 Vahleno.
1007 4105 1110 4183 qui
1145 4123 1295 4176 cum,
1331 4110 1399 4161 ut
1429 4122 1539 4181 par
1574 4110 1676 4175 est,
1714 4102 1969 4162 alienam
2005 4122 2242 4182 operam
2276 4105 2538 4161 nimium

354 4194 456 4250 ’sui
493 4189 833 4248 dissimilem
869 4189 997 4248 fieri
1032 4188 1231 4263 nollet,
1252 4207 1459 4267 ‘pauca
1491 4195 1689 4247 tamen
1722 4190 1967 4248 novavit
2002 4191 2127 4249 sive
2162 4196 2417 4268 spretam
2452 4188 2544 4247 ab·
