3225 5171
681 427 833 472 cvm
1443 426 1802 471 ADNOTATIO
1848 427 2091 470 CRITICA

1791 940 1834 961 Ὀ

1075 1102 1830 1187 ADNOTATIO
1928 1103 2465 1191 GRITIOA.

682 1389 738 1441 V
762 1415 827 1433 =
851 1403 1148 1442 consensus
1170 1387 1434 1440 librorum
1459 1384 1514 1440 Gr
1535 1390 1593 1440 et
1617 1385 1664 1441 O
1688 1415 1758 1435 ==
1780 1387 1955 1442 codex
1977 1387 2312 1443 Veronensis
2327 1406 2482 1444 nunc
2503 1388 2754 1445 amissus.

685 1455 739 1510 Gr
763 1482 827 1500 =
852 1456 1024 1510 codex
1049 1454 1552 1526 Sangermanensis.

685 1525 733 1579 Ο
757 1553 826 1572 =
849 1524 1021 1578 codex
1046 1522 1388 1579 Oxoniensis.

684 1608 720 1657 ς
753 1620 822 1639 =
846 1592 1067 1646 codices
1090 1591 1421 1646 recentiores
1445 1590 1516 1643 ab
1540 1590 1699 1643 Italis
1721 1590 2055 1659 interpolati,
2082 1608 2309 1661 quorum
2332 1609 2474 1645 unus
2492 1598 2575 1647 est
2591 1592 2645 1646 D
2660 1614 2725 1634 =
2742 1593 2866 1647 Da-

818 1665 997 1727 tanus,
1031 1659 1173 1712 alius
1210 1659 1261 1712 L
1284 1687 1354 1706 =
1375 1659 1517 1711 liber
1556 1658 1688 1711 olim
1724 1658 2013 1713 Laurentii
2050 1659 2316 1727 Santenii‚
2359 1675 2495 1729 quos
2536 1663 2671 1714 duos
2710 1679 2859 1716 nunc

819 1727 1202 1782 Berolinenses
1223 1727 1614 1781 Lachmannus
1637 1727 1710 1779 ad
1733 1732 1942 1780 textum
1965 1728 2404 1781 constituendum
2427 1729 2694 1785 adhibuit.

683 1797 735 1850 Τ
761 1822 827 1840 =
851 1796 1021 1849 codex
1045 1796 1361 1849 Thuaneus.

820 1864 1086 1918 Omnibus
1109 1863 1243 1916 locis
1277 1864 1373 1916 ubi
1406 1862 1629 1917 nomina
1651 1863 2013 1930 Lachmanni,
2050 1863 2302 1933 Hauptii,
2335 1863 2513 1916 Ellisii
2538 1864 2638 1917 sim
2680 1864 2867 1918 liciter

683 1931 1007 1985 adferuntur
1039 1932 1336 1985 tenendum
1369 1936 1453 1985 est
1476 1930 1775 1985 editionem
1797 1930 2303 1986 Lachmannianam
2336 1932 2588 2001 primam,
2682 1933 2864 2003 auptii

680 1999 921 2068 tertiam,
946 1998 1126 2052 Ellisii
1149 2000 1382 2053 alteram
1405 1999 1673 2070 intellegi.

798 2247 834 2304 I
870 2246 905 2303 9
953 2248 1345 2319 qualecumque
1397 2253 1504 2315 luc,
1551 2255 1815 2320 patrone,
1868 2246 2030 2302 verbo
2085 2244 2242 2305 Guil.
2287 2244 2662 2305 Froehnerus
2711 2266 2865 2305 mus,
2973 2320 2979 2324 Ι

681 2330 875 2390 Rhen.
912 2329 1079 2387 XIII
1117 2331 1258 2402 148,
1297 2332 1399 2408 qui
1432 2340 1740 2407 praeterea
1772 2350 1831 2388 v.
1870 2331 1907 2388 8
1944 2332 2169 2388 lz‘bellz‘st
2212 2330 2402 2389 voluit
2447 2332 2575 2389 sine
2608 2333 2861 2390 necessi-

681 2423 819 2474 tate.
876 2417 1602 2489 qualecumque—maneat
1631 2414 1852 2473 dictum
1886 2435 1992 2493 pro
2023 2416 2186 2489 quod,
2226 2418 2616 2490 qualecumque
2650 2425 2752 2486 est,
2773 2447 2863 2457 —-

681 2496 922 2570 maneat,
970 2518 1120 2578 quae
1163 2498 1637 2577 breviloquentia
1679 2499 1831 2558 nihil
1875 2500 2213 2559 offensionis
2256 2500 2451 2559 habet.
2523 2498 2675 2558 conf.
2712 2501 2861 2559 Tac.

683 2607 820 2644 ann.
866 2584 1023 2645 XIV
1059 2584 1139 2643 55
1163 2604 1205 2643 s.
1253 2587 1332 2643 in.
1423 2588 1817 2660 qualecumque
1869 2588 2018 2659 quod
2058 2596 2312 2661 patrona
2364 2589 2518 2659 virqo
2570 2585 2645 2659 V,
2699 2584 2861 2665 quod

684 2673 854 2748 signo
912 2672 1099 2728 crucis
1152 2668 1422 2749 adposito
1473 2672 1715 2729 retinuit
1767 2670 2082 2748 HauptiuS.
2171 2691 2264 2746 qu.
2312 2674 2477 2746 quod,
2533 2691 2562 2728 0
2607 2681 2863 2747 patrona

684 2760 840 2830 viv-90
884 2754 1066 2832 vulgo
1113 2754 1188 2815 de
1232 2757 1569 2813 coniectura
1602 2755 1907 2814 Italorum.
1991 2755 2096 2814 sed
2131 2774 2276 2814 cave
2312 2775 2388 2815 ne
2424 2775 2492 2815 eo
2527 2754 2702 2815 modo
2739 2776 2863 2815 ma-

683 2862 828 2900 num
866 2839 1089 2900 Catulli
1122 2842 1450 2899 restitutam
1484 2848 1671 2918 putes.
1751 2859 1904 2919 quae
1940 2843 2098 2899 enim
2133 2842 2248 2899 ista
2282 2849 2531 2919 patrona
2565 2842 2734 2917 virgo
2768 2842 2860 2899 in-

683 2925 1025 3003 tellegenda
1070 2927 1146 2983 sit
1185 2924 1364 3004 plane
1400 2927 1710 2984 obscurum
1747 2933 1849 2997 est,
1896 2925 2232 3004 nulliusque
2270 2925 2415 2984 deae
2449 2927 2745 2984 invocatio
2783 2926 2860 2985 ab

684 3012 862 3070 huius
899 3012 1171 3069 carminis
1207 3011 1435 3069 ratione
1468 3030 1589 3068 non
1628 3010 1916 3069 abhorret.
1970 3030 2110 3067 nam
2145 3008 2302 3089 quod
2338 3009 2681 3069 Schwabius
2719 3030 2856 3069 ann.

685 3095 888 3176 philol.
938 3095 1179 3155 CXVII
1216 3095 1337 3152 258
1367 3114 1411 3152 s,
1459 3094 1611 3152 dixit
1653 3098 1799 3169 ioco,
1845 3115 1967 3153 non
2011 3097 2161 3153 serio
2205 3096 2536 3154 Minervam
2577 3095 2859 3168 invocari,

687 3201 759 3240 ea
804 3180 1121 3259 explicatio
1165 3198 1241 3239 ex
1285 3181 1411 3238 istis
1454 3187 1542 3238 est
1585 3180 1798 3259 quibus
1848 3179 2165 3239 defendere
2210 3182 2408 3239 omnia
2421 3180 2632 3239 ‘liceat
2705 3188 2863 3239 certe

688 3266 739 3323 si
784 3274 1054 3323 constare
1097 3263 1211 3322 sibi
1256 3284 1431 3343 quam
1474 3266 1726 3342 ineptire
1767 3264 2028 3324 malebat
2069 3271 2262 3343 poeta,
2307 3285 2429 3323 non
2473 3272 2703 3343 poterat
2735 3286 2860 3323 non

687 3349 843 3408 hanc
888 3349 1094 3408 efferre
1147 3350 1520 3408 sententiam:
1577 3350 1684 3422 ‘tu,
1742 3348 1997 3422 Corneli,
2046 3369 2236 3426 nugas
2286 3369 2445 3409 meas
2488 3352 2606 3409 iam
2649 3348 2752 3408 diu
2793 3351 2861 3409 in

687 3436 874 3512 pretio
919 3434 1193 3492 habuisti.
1265 3452 1446 3513 quare
1489 3454 1647 3493 nunc
1691 3436 1892 3512 accipe
1934 3434 2092 3494 hunc
2125 3435 2409 3508 libellum,
2454 3436 2556 3513 qui
2591 3436 2866 3513 quamvis

685 3520 835 3579 levis
872 3520 967 3590 sit,
1010 3526 1129 3590 tu0,
1175 3517 1481 3577 clarissimi
1526 3537 1720 3578 rerum
1764 3521 2084 3598 scriptoriS,
2129 3521 2456 3598 patrocinio
2500 3519 2736 3578 adiutus
2781 3519 2863 3578 ad

684 3606 1085 3683 posteritatem
1118 3603 1460 3682 perveniat'.
1531 3603 1707 3664 huius
1743 3608 2072 3664 sententiae
2104 3608 2514 3663 necessitatem
2541 3607 2717 3664 etiam
2753 3603 2863 3663 alii

684 3697 1138 3768 perspexerunt,
1193 3689 1358 3748 velut
1400 3687 1679 3748 Handius
1723 3697 1946 3768 quaest.
1996 3687 2212 3749 Catull.
2257 3710 2312 3768 p.
2351 3692 2387 3748 3
2410 3709 2473 3762 s.,
2520 3693 2624 3770 qui
2667 3689 2865 3768 Raph.

684 3775 974 3851 Eglinum
1010 3784 1244 3833 secutus
1279 3776 1510 3852 scripsit
1545 3778 1937 3849 qualecumque
1971 3777 2205 3849 quidem,
2233 3784 2507 3850 patrone,
2549 3795 2658 3850 per
2692 3784 2764 3846 te,
2802 3782 2866 3833 et

685 3859 982 3936 Bergkius
1024 3859 1227 3938 philol.
1263 3858 1396 3917 XII
1433 3859 1551 3916 581
1603 3880 1696 3934 qu.
1734 3862 1950 3935 quidem
1985 3868 2087 3930 est,
2125 3862 2361 3935 patroni
2393 3870 2453 3917 ut
2498 3879 2625 3933 erqo
2661 3858 2865 3935 legen-

686 3943 827 4002 dum
880 3963 1141 4003 censens.
1227 3963 1433 4003 verum
1484 3943 1598 4003 hae
1651 3949 2020 4004 coniecturae
2082 3946 2145 4002 in
2204 3943 2560 4023 interpolata
2610 3943 2749 4002 libri
2800 3944 2861 4002 D

686 4032 975 4106 scriptura
1011 4030 1226 4102 quidem
1260 4032 1542 4088 nituntur.
1607 4038 1864 4089 ceterum
1899 4050 2020 4088 non
2057 4028 2131 4088 de
2167 4028 2314 4089 deae
2348 4028 2612 4101 alicuine,
2650 4028 2755 4088 sed
2790 4027 2867 4089 de

682 4113 936 4192 Nepotis
970 4113 1263 4192 praesidio
1297 4114 1394 4173 hic
1426 4113 1688 4173 locutum
1724 4134 1850 4175 esse
1892 4123 2129 4193 poetam
2165 4116 2346 4174 etiam
2379 4116 2702 4173 imitatores
2738 4117 2869 4173 eius

684 4198 961 4277 produnt.
1042 4199 1275 4273 Munro,
1341 4202 1436 4258 cui
1481 4206 1539 4258 et
1589 4202 1708 4278 ipsi
1751 4199 1825 4259 de
1869 4199 2123 4259 traditae
2165 4199 2438 4259 lectionis
2480 4200 2870 4277 perversitate
