3225 5171
743 462 963 507 CXXXIV
1505 462 1860 505 ADNOTATIO
1906 462 2151 505 CRI'HCA

742 580 925 640 verba
967 584 1171 638 multus
1212 581 1367 638 homo
1410 581 1556 659 quid
1597 581 1841 640 valeant
1883 601 2089 660 parum
2125 588 2367 641 constat.
2456 581 2560 642 sed
2593 571 2936 663 loquacitass'

711 675 861 748 *tem
896 666 981 724 eis
1016 666 1210 724 notari
1245 665 1391 723 mihi
1425 665 1666 744 quidem
1700 668 1958 725 maxime
1993 666 2298 744 probabile
2332 665 2582 726 videtur.
2661 668 2913 728 Plautus

740 749 1108 810 Menaechm.
1152 750 1274 808 313
1321 749 1395 810 V.
1457 750 1605 826 (315
1653 748 1754 822 R.)
1808 751 2130 811 ‘hominem
2198 751 2447 809 multum
2517 759 2578 811 et
2646 753 2913 814 odiosum

740 835 930 906 mihi’,
966 833 1253 893 Afranius
1275 836 1395 892 202
1415 836 1486 894 R.
1543 835 1756 893 ‘multa
1780 856 1850 894 ac
1877 835 2125 895 molesta
2158 835 2244 895 es'
2282 835 2451 894 dixit.
2504 856 2688 915 quare
2711 841 2913 898 nescio

740 941 819 979 an
854 921 1217 998 epigramma
1251 920 1362 978 hoc
1395 920 1480 978 ita
1514 919 1933 999 explicandum
1968 923 2073 979 sit:
2120 920 2319 979 ‘homo
2357 939 2418 980 es
2453 921 2691 1001 loquax,
2729 924 2912 996 Naso,

743 1005 848 1065 sed
882 1023 958 1063 ne
992 1004 1212 1083 loquax
1248 1003 1487 1084 quidem
1519 1004 1694 1063 homo
1731 1012 1818 1065 est
1862 1006 1965 1084 qui
1998 1013 2194 1064 tecum
2229 1008 2292 1064 in
2326 1004 2631 1084 publicum
2664 1006 2912 1086 prodeat

740 1088 842 1166 (de
886 1089 999 1148 hac
1041 1089 1208 1148 verbi
1252 1088 1410 1169 quod
1446 1097 1538 1148 est
1581 1091 1911 1147 descendere
1945 1090 2379 1166 significatione
2414 1091 2567 1150 conf.
2604 1091 2913 1151 Bentleius

737 1175 817 1234 ad
852 1174 999 1233 Hor.
1035 1176 1200 1253 epist.
1237 1175 1271 1233 I
1310 1175 1391 1232 20
1426 1172 1510 1250 5),
1555 1194 1696 1233 nam
1729 1194 1851 1233 non
1887 1174 2076 1234 solum
2108 1175 2328 1254 loquax
2366 1195 2445 1248 es,
2491 1195 2697 1236 verum
2731 1179 2909 1237 etiam

737 1260 1072 1404 PatthulV
1110 1348 1141 1401 1
1179 1345 1448 1403 Firmano
1490 1346 1643 1401 saltu
1686 1343 1867 1403 editio
1903 1342 2129 1402 Aldina
2173 1347 2317 1403 anni
2355 1344 2537 1403 1502.
2605 1348 2914 1404 Firmanus

738 1433 913 1488 saluis
963 1430 1037 1488 V.
1123 1430 1426 1486 Firmanus
1470 1431 1621 1486 saltu
1673 1428 2093 1487 Lachmannus
2136 1430 2554 1508 Hauptiusque
2599 1451 2731 1489 cum
2772 1431 2911 1489 Pal·

736 1514 914 1573 ladio.
1001 1513 1161 1593 quod
1211 1533 1354 1572 num
1396 1513 1761 1591 probabilem
1794 1515 1859 1573 in
1893 1513 2133 1572 modum
2169 1516 2454 1594 explicari
2486 1518 2687 1593 possit,
2732 1515 2910 1574 valde
3021 1540 3024 1547 ·

740 1600 962 1659 dubito.
1052 1606 1207 1657 certe
1254 1597 1551 1657 Schwabii
1603 1600 1670 1657 in
1716 1607 1940 1677 quaest.
1980 1597 2196 1658 Catull.
2235 1601 2355 1657 227
2387 1619 2460 1659 ss.
2506 1599 2581 1659 de
2623 1602 2912 1659 Firmano

736 1683 1006 1743 Mentula
1041 1683 1358 1762 disputatio
1393 1681 1470 1741 ad
1504 1681 1683 1742 fidem
1717 1682 2053 1742 faciendam
2086 1686 2331 1744 minime
2358 1693 2498 1764 apta
2524 1693 2626 1744 est.
2682 1685 2911 1744 accedit

737 1768 913 1849 quod,
968 1788 1102 1827 cum
1161 1786 1380 1827 nomen
1430 1767 1738 1827 Mentulae
1801 1768 2093 1827 adiectivo
2155 1770 2395 1828 omnino
2457 1791 2579 1829 non
2640 1769 2909 1847 indigeat

736 1872 944 1933 neque,
993 1857 1044 1912 si
1076 1852 1386 1930 indigeret,
1430 1852 1620 1912 tribus
1654 1853 1851 1912 verbis
1897 1854 1972 1912 ab
2008 1873 2077 1913 eo
2113 1861 2445 1932 separatum
2480 1863 2652 1927 esset,
2705 1862 2912 1914 contra

735 1938 1003 1999 absolute
1053 1940 1309 2017 positum
1359 1936 1511 1997 illud
1562 1941 1715 1995 saltu
1774 1937 2152 1998 vehementer
2204 1938 2500 2018 displicet,
2563 1941 2909 2018 praesertim

737 2044 870 2083 cum
903 2045 961 2082 v.
1000 2024 1037 2080 2
1087 2024 1456 2083 enuntiatum
1500 2021 1814 2081 relativum
1850 2031 2129 2103 sequatur
2161 2043 2283 2082 non
2318 2043 2393 2083 ex
2427 2025 2700 2103 propiore
2735 2040 2907 2083 voca-

735 2109 873 2169 bulo
919 2110 1194 2180 Mentula,
1247 2107 1352 2167 sed
1403 2127 1482 2167 ex
1530 2109 1844 2167 remotiore
1894 2111 2046 2166 saltu
2089 2128 2452 2188 suspensum.
2540 2129 2664 2167 non
2708 2113 2907 2189 autem

733 2195 921 2254 nimia
955 2193 1205 2252 audacia
1245 2194 1512 2250 Firmano
1558 2193 1868 2252 scribimus
1910 2213 2017 2271 pro
2050 2195 2374 2265 firmanus,
2411 2196 2691 2272 quoniam
2723 2194 2910 2253 verbo

734 2282 885 2336 saltu
929 2278 1111 2337 semel
1152 2281 1217 2336 in
1260 2280 1438 2336 saluis
1481 2284 1751 2356 corrupto
1797 2297 2162 2356 consequens
2206 2286 2333 2338 erat
2383 2287 2451 2336 ut
2498 2277 2912 2357 praecedentis

735 2363 1015 2422 adiectivi
1057 2364 1391 2421 terminatio
1435 2365 1664 2421 nomini
1716 2361 1887 2443 quod,
1917 2371 2009 2422 est
2050 2365 2307 2421 Mentula
2349 2359 2903 2422 accommodaretur.

734 2466 846 2507 nec
896 2465 1169 2506 veremur
1217 2465 1295 2506 ne
1335 2450 1469 2526 quis
1511 2447 1653 2505 huic
1690 2449 2064 2507 coniecturae
2115 2447 2350 2506 diffidat
2401 2456 2712 2527 propterea
2762 2448 2908 2526 quia

736 2531 920 2593 saltus
952 2530 1257 2592 Mentulae
1300 2550 1348 2591 c.
1385 2530 1559 2592 CXV
1595 2532 1631 2590 6
1678 2531 1893 2611 ‘usque
1936 2532 2014 2592 ad
2056 2532 2477 2612 Hyperboreos
2524 2540 2583 2614 et
2623 2551 2785 2593 mare
2828 2532 2908 2592 ad

736 2617 1066 2679 Oceanum’
1129 2616 1372 2676 extendi
1425 2617 1655 2676 dicitur.
1751 2619 1865 2676 ista
1918 2619 2076 2677 enim
2127 2619 2314 2678 verba
2362 2620 2567 2699 utique
2619 2634 2746 2678 esse
2797 2638 2909 2696 pro

734 2706 963 2780 ingenti
997 2702 1392 2781 superlatione
1425 2701 1701 2761 habenda
1736 2702 2115 2762 manifestum
2130 2711 2246 2762 est.
2274 2735 2359 2745 —
2397 2705 2433 2762 3
2470 2707 2712 2780 aucupia
2746 2702 2903 2761 Itali.

731 2791 972 2865 aucupia
1006 2786 1082 2847 Gr.
1151 2808 1227 2844 an
1263 2789 1428 2862 cupia‘
1462 2784 1533 2847 O.
1604 2791 1898 2864 aucupium
1923 2787 2342 2847 Lachmannus
2374 2789 2793 2867 Hauptiusque
2827 2806 2906 2847 ex

732 2875 809 2933 D.
843 2905 930 2915 —
966 2874 1003 2930 6
1038 2874 1257 2931 modulo
1292 2874 1514 2951 scripsi,
1550 2880 1619 2931 ut
1651 2873 1939 2932 sententia
1974 2875 2077 2932 sit:
2130 2873 2370 2933 ‘saltum
2404 2873 2727 2946 laudemus,
2765 2872 2905 2931 dum

733 2977 810 3017 ne
877 2957 1095 3016 habeat
1162 2956 1403 3016 modum
1467 2956 1649 3016 saltus
1711 2956 1983 3016 dominus
2041 2958 2383 3037 fructusque
2443 2957 2584 3018 inde
2642 2956 2906 3017 redditos

733 3043 1062 3121 sumptibus
1105 3042 1413 3121 exuperet‘
1451 3038 1534 3117 (v.
1573 3040 1655 3116 4).
1742 3044 1901 3099 modo
1945 3041 2193 3115 codices,
2238 3043 2397 3122 quod
2437 3045 2653 3103 retinet
2686 3043 2903 3102 Munro

730 3148 788 3205 p.
828 3129 952 3184 224·
969 3147 1033 3199 s.,
1087 3146 1219 3186 cum
1269 3147 1392 3186 non
1442 3147 1550 3206 pro
1603 3126 1902 3198 adverbio,
1956 3127 2060 3187 sed
2111 3147 2217 3207 pro
2268 3128 2638 3187 substantivo
2690 3129 2910 3204 accipit.

733 3211 1117 3291 similiterque
1151 3218 1328 3290 atque
1363 3230 1474 3287 ego
1509 3210 1706 3270 locum
1740 3212 2013 3289 explicat.
2084 3212 2188 3272 sed
2223 3211 2497 3292 displicet
2522 3212 2901 3289 ambiguitas.

732 3296 810 3355 ad
846 3316 1033 3373 genus
1068 3294 1506 3374 depravationis
1542 3297 1695 3355 conf.
1732 3296 1885 3356 LXI
1925 3298 2043 3356 182
2081 3305 2141 3356 et
2178 3297 2318 3370 188,
2355 3298 2458 3357 ubi
2485 3300 2713 3373 puellae
2739 3299 2906 3372 puel-

731 3385 844 3440 lam
877 3400 983 3459 pro
1012 3383 1296 3456 puellulae
1322 3383 1634 3456 puellulam
1667 3384 1732 3439 in
1766 3381 1840 3441 V.
1927 3384 2085 3439 domo
2120 3381 2420 3459 Hauptius
2455 3400 2532 3441 ex
2568 3384 2910 3441 coniectura

731 3466 1103 3526 Lachmanni
1145 3463 1324 3542 (conf.
1370 3464 1468 3524 hic
1512 3464 1590 3523 ad
1624 3466 1797 3526 Lucr.
1840 3465 2004 3544 196).
2094 3487 2271 3547 quam
2314 3475 2380 3526 ut
2425 3485 2776 3545 spernerem,
2832 3484 2906 3524 eo

729 3553 1098 3631 potissimum
1123 3549 1412 3609 adductus
1447 3569 1577 3608 sum
1605 3550 1765 3630 quod
1800 3555 1982 3610 saltus
2016 3552 2082 3610 in
2114 3552 2227 3611 hoc
2262 3554 2537 3622 carmine,
2573 3557 2643 3609 ut
2674 3552 2739 3610 in
2772 3571 2829 3609 v.
2860 3553 2904 3608 4

731 3637 1139 3715 subsequentis
1170 3636 1631 3713 epigrammatis,
1666 3634 1824 3694 idem
1860 3634 1983 3695 fere
2019 3643 2108 3695 est
2142 3635 2302 3716 quod
2330 3638 2646 3712 praedium,
2682 3636 2748 3694 in
2784 3654 2903 3715 quo

729 3722 906 3782 aedes
958 3739 1191 3801 quoque
1244 3737 1526 3798 casasque
1576 3719 1760 3779 fuisse
1804 3728 2261 3781 consentaneum
2314 3729 2420 3795 est,
2473 3722 2559 3779 ita
2600 3728 2668 3779 ut
2710 3722 2907 3777 domus

729 3826 938 3886 parum
975 3813 1113 3883 apte
1147 3807 1202 3863 ei
1237 3807 1454 3883 opponi
1489 3804 1777 3863 videatur.

860 3891 1032 3950 CXV
1070 3893 1101 3946 1
1160 3892 1415 3947 Mentula
1477 3890 1639 3948 habet
1697 3893 1856 3948 iuxta
1904 3889 2172 3969 Heysius
2223 3889 2591 3966 Scaligerum
2651 3896 2903 3949 secutus.

728 3976 987 4034 Mentula
1027 3976 1187 4033 habet
1231 3978 1414 4032 instar
1455 3971 1629 4050 (istar
1656 3971 1744 4048 Ο)
1780 3974 1853 4035 V.
1941 3977 2215 4047 Mentula,
2252 3976 2435 4033 *habes
2486 3977 2670 4033 instar
2711 3973 2905 4032 Lach-

731 4079 1001 4131 mannus,
1055 4079 1187 4118 cum
1241 4077 1427 4138 eoque
1476 4059 1796 4138 Hauptius.
1881 4078 2088 4118 verum
2141 4059 2400 4119 secunda
2441 4058 2609 4119 verbi
2651 4077 2906 4137 persona

728 4165 942 4224 parum
977 4143 1317 4223 probabilis,
1364 4144 1645 4221 quoniam
1680 4163 1755 4203 ne
1792 4144 1855 4201 in
1889 4143 2130 4224 reliquis
2166 4143 2403 4224 quidem
2440 4162 2592 4222 quae
2628 4143 2702 4202 de
2736 4144 2904 4202 Men-

728 4230 861 4289 tula
900 4239 960 4291 et
1002 4229 1077 4288 de
1120 4230 1419 4288 Mamurra
1466 4236 1605 4288 sunt
1650 4229 2008 4289 carminibus
2051 4248 2300 4309 usquam
2343 4231 2537 4309 ipsum
2580 4235 2758 4308 poeta
2801 4226 2924 4286 ad·-
