3225 5171
702 405 784 444 Lx
1574 402 2030 471 rROLEGOMENA

702 529 772 581 ut
811 519 1034 580 nodum
1077 518 1397 597 expediret,
1451 519 1815 599 adprobante
1859 521 2125 600 Hauptio
2169 523 2235 579 in
2280 516 2721 601 quaestionibus
2768 520 2881 582 Ca-

705 606 985 678 tullianis,
1033 624 1228 683 opusc.
1264 604 1315 677 Ι,
1359 624 1418 682 p.
1460 608 1555 677 12,
1601 606 2033 683 Hieronymum
2086 607 2334 665 coniecit
2376 609 2628 685 primum
2670 609 2736 665 in
2781 606 2881 668 de-

660 759 664 763 ,
704 691 966 751 finiendo
1004 689 1226 749 Catulli
1260 709 1416 747 anno
1445 689 1631 749 natali
1667 690 1927 750 confusis
1966 689 2193 750 duobus
2219 691 2619 751 consulatibus
2655 711 2882 753 errasse

703 779 789 835 ita
831 784 914 847 ut,
961 796 1093 834 cum
1136 782 1312 853 poeta
1357 772 1466 833 Cn.
1504 774 1756 835 Octavio
1790 776 1873 834 M.
1908 776 1951 833 f.
1989 775 2054 835 C.
2093 775 2400 835 Scribonio
2440 777 2699 836 Curione
2742 798 2880 836 con-

704 861 946 933 sulibuS‚
992 860 1048 918 h.
1097 878 1144 918 e.
1182 880 1234 919 a.
1275 855 1503 936 678176
1552 863 1789 937 genitus
1834 867 2001 934 esset,
2049 861 2310 920 natalem
2361 865 2487 921 eius
2534 882 2759 921 annum
2789 862 2880 922 'ad

704 945 1072 1006 consulatum
1125 943 1233 1003 Cn.
1280 942 1520 1003 Octavii
1575 944 1685 1004 Cn.
1729 943 1769 1003 f.
1815 952 1875 1004 et
1916 945 1985 1002 L.
2033 944 2293 1005 Cornelii
2336 946 2582 1021 Cinnae,
2635 948 2740 1025 qui
2790 954 2880 1007 est

702 1052 895 1095 annus
933 1026 1180 1107 667187,
1215 1029 1484 1103 referret3
1532 1028 1764 1102 deinde,
1811 1037 1878 1088 ut
1913 1037 2262 1106 congrueret
2296 1031 2564 1091 Suetonii
2595 1035 2878 1106 narratio,

701 1125 946 1176 mortem
991 1114 1212 1175 Catulli
1263 1114 1338 1172 ab
1393 1135 1548 1173 anno
1597 1110 1824 1192 708146
1870 1114 1947 1173 ad
1999 1135 2222 1175 annum
2266 1111 2495 1194 697157
2539 1119 2876 1177 removisse.

701 1221 906 1261 verum
941 1201 1088 1260 haec
1132 1202 1466 1259 coniectura
1506 1199 1672 1258 nullo
1717 1199 1893 1258 modo
1935 1200 2175 1278 probari
2216 1209 2423 1280 potest.
2494 1221 2635 1260 nam
2677 1204 2728 1261 si
2765 1200 2875 1260 Ca-

698 1286 881 1346 tullus
916 1306 1074 1345 anno
1110 1284 1343 1344 demum
1380 1280 1607 1361 678176
1654 1293 1828 1343 natus
1872 1292 2039 1358 esset,
2089 1284 2359 1345 Clodiam
2395 1286 2873 1365 quadrantariam

699 1391 848 1450 puer
881 1370 1217 1451 quindecim
1252 1389 1540 1428 annorum
1574 1367 1824 1446 diligere
1857 1371 2195 1448 incepisset,
2242 1374 2455 1430 amoris
2499 1374 2659 1431 enim
2700 1371 2878 1431 huius

699 1460 875 1515 initia
907 1460 973 1514 in
1009 1476 1230 1514 annum
1266 1451 1493 1528 693161
1531 1453 1795 1514 incidere
1830 1470 2008 1533 supra
2043 1453 2470 1516 demonstrasse
2503 1456 2677 1515 nobis
2712 1456 2874 1516 vide-

700 1563 846 1600 mur.
909 1542 1004 1599 cui
1035 1541 1314 1617 temporis
1350 1537 1684 1598 definitioni
1718 1543 1771 1598 si
1804 1544 1936 1618 quis
1971 1539 2122 1598 nolit
2156 1539 2334 1600 fidem
2367 1540 2602 1614 habere,
2642 1549 2704 1600 at
2738 1562 2875 1600 con-

701 1625 872 1685 cedat
905 1632 1135 1703 oportet
1162 1623 1385 1683 Catulli
1421 1644 1552 1682 cum
1583 1627 1701 1682 ista
1724 1625 1969 1685 muliere
1994 1624 2200 1684 foedus
2228 1632 2367 1685 ante
2391 1646 2615 1685 annum
2644 1620 2875 1703 695159

698 1713 913 1769 initum
947 1729 1091 1783 esse,
1129 1713 1346 1788 quippe
1379 1729 1496 1787 quo
1531 1712 1777 1769 maritus
1812 1713 1937 1768 eius
1976 1707 2047 1782 Q.
2083 1710 2361 1770 Metellus
2398 1711 2570 1771 Celer
2604 1714 2683 1770 sit
2723 1731 2876 1770 mor-

698 1803 852 1855 tuus,
923 1798 1064 1853 vivo
1117 1798 1278 1854 enim
1331 1813 1400 1854 eo
1459 1802 1696 1872 poetam
1756 1815 1889 1854 cum
1940 1794 2151 1855 Clodia
2208 1798 2329 1853 iam
2390 1794 2871 1856 consuetudinem

698 1880 975 1940 habuisse
1019 1887 1262 1940 constat.
1335 1888 1491 1939 certe
1540 1880 1726 1955 igitur
1768 1878 2054 1952 Catullus,
2109 1883 2160 1937 si
2201 1879 2574 1940 Lachmanni
2615 1883 2875 1941 rationes

697 1965 1039 2044 probantur,
1074 1964 1339 2024 nondum
1373 1963 1789 2043 septemdecim
1815 1984 2001 2024 annos
2035 1970 2210 2023 natus
2238 1972 2380 2037 erat,
2417 1986 2550 2024 cum
2579 1964 2874 2040 Clodiam,

698 2051 1005 2111 mulierem
1048 2058 1172 2110 tum
1214 2053 1465 2126 triginta
1507 2053 1771 2128 quinque
1814 2048 1912 2109 vel
1954 2051 2201 2127 triginta
2243 2058 2522 2128 quattuor
2562 2071 2867 2124 annorum,

698 2144 923 2195 amaret
956 2135 1031 2194 ab'
1070 2154 1254 2215 eaque
1288 2141 1492 2194 contra
1525 2144 1835 2208 amaretur,
1871 2137 1955 2192 ita
1982 2142 2050 2192 ut
2073 2134 2405 2194 differentia
2430 2139 2587 2195 inter
2620 2143 2871 2196 aetatem

697 2224 1001 2301 utriusque
1044 2229 1197 2279 esset
1245 2219 1622 2295 undeviginti
1664 2222 1763 2279 vel
1816 2219 2227 2297 duodeviginti
2270 2239 2572 2278 annorum.
2641 2219 2708 2278 id
2749 2241 2871 2280 non

696 2305 1046 2364 incredibile
1080 2308 1275 2363 visum
1320 2312 1408 2363 est
1439 2304 1732 2383 Hauptio,
1777 2313 1845 2364 ut
1877 2324 1912 2364 e
1943 2304 2083 2363 libri
2119 2323 2295 2383 quem
2332 2304 2703 2365 Christianus
2735 2305 2869 2365 Bel-

698 2409 874 2467 gerus
920 2389 994 2448 de
1030 2408 1098 2448 eo
1144 2392 1376 2467 scripsit
1415 2409 1472 2467 p.
1514 2391 1635 2447 245
1680 2391 2048 2468 perspicitur,
2093 2408 2286 2468 neque
2328 2397 2418 2449 est
2459 2390 2722 2469 profecto
2765 2409 2875 2469 per

698 2494 761 2534 se
804 2494 1038 2552 prorsus
1082 2474 1456 2546 incredibile,
1502 2494 1857 2553 quamquam
1891 2474 2064 2533 homo
2108 2477 2215 2533 vix
2253 2477 2569 2552 pueritiam
2604 2493 2872 2550 egressus

697 2559 930 2619 facilius
965 2559 1173 2619 ardore
1206 2559 1465 2618 mulieris
1507 2566 1772 2619 maturae
1807 2565 1984 2638 atque
2017 2558 2149 2638 plus
2186 2579 2364 2639 quam
2396 2563 2744 2621 tricenariae
2776 2564 2870 2620 in-

698 2645 870 2705 cendi
905 2666 1083 2725 quam
1117 2665 1373 2705 amorem
1408 2645 1582 2703 huius
1618 2648 1803 2723 ipsius
1839 2646 2071 2704 sibimet
2106 2645 2421 2705 conciliare
2462 2648 2734 2725 potuerit.
2805 2652 2870 2705 at

695 2731 873 2810 plane
909 2730 1182 2810 equidem
1215 2750 1370 2807 nego
1406 2751 1454 2790 c.
1490 2730 1766 2790 LXVIII
1806 2730 1883 2789 ab
1928 2729 2369 2789 adulescentulo
2413 2734 2521 2789 vix
2565 2730 2765 2791 decem
2810 2739 2872 2790 et

698 2824 918 2895 septem
957 2836 1244 2875 annorum
1278 2818 1557 2894 scriptum
1593 2835 1737 2875 esse.
1811 2814 1963 2873 conf.
2000 2836 2056 2894 p.
2088 2815 2325 2875 XXIV.
2363 2824 2452 2876 est
2494 2824 2691 2876 autem
2723 2815 2874 2875 haec

698 2900 891 2977 elegia
940 2905 1181 2961 vivente
1232 2904 1482 2977 coniuge
1527 2900 1790 2973 Clodiae,
1843 2899 1900 2957 h.
1946 2919 1994 2960 e.
2039 2900 2370 2959 tardissime
2416 2903 2661 2960 ineunte
2711 2921 2872 2960 anno

700 2982 946 3062 695159,
1001 2988 1319 3064 conposita.
1393 2985 1608 3048 deinde
1652 3007 1700 3046 c.
1745 2984 1884 3058 LII,
1939 3005 2054 3063 quo
2099 2984 2519 3045 Lachmannus
2568 2994 2871 3065 tamquam

696 3070 1081 3130 fundamento
1118 3074 1489 3131 coniecturae
1523 3090 1665 3130 suae
1699 3090 1838 3130 usus
1874 3077 2015 3142 erat,
2051 3090 2190 3138 non,
2225 3077 2293 3128 ut
2325 3078 2450 3130 tum
2484 3071 2667 3148 vulgo
2704 3080 2872 3149 puta·

695 3155 887 3227 batur,
906 3155 1148 3213 Vatinio
1169 3155 1500 3229 consule,h.
1521 3174 1570 3213 e.
1592 3157 1755 3214 exitu
1774 3157 1917 3214 anni
1939 3148 2183 3233 707147,
2204 3154 2343 3214 sed
2325 3175 2444 3214 lam
2462 3175 2618 3215 anno
2640 3152 2868 3232 700154

697 3239 999 3298 conditum
1033 3259 1159 3298 esse
1195 3260 1372 3317 supra
1406 3242 1796 3317 exposuimus.
1858 3238 2037 3318 idque
2070 3241 2155 3297 ita
2190 3258 2316 3299 esse
2337 3240 2654 3339 ‘postmodo
2689 3242 2870 3301 etiam

695 3324 995 3402 Hauptius
1030 3326 1316 3383 concessit
1350 3321 1525 3398 (conf.
1557 3344 1709 3402 quae
1744 3325 1819 3383 ad
1854 3324 2264 3405 opusculorum
2299 3326 2425 3384 eius
2453 3325 2570 3384 vol.
2596 3325 2648 3399 I,
2675 3345 2733 3403 p.
2765 3326 2800 3382 9
2820 3345 2866 3384 s.

696 3408 1007 3468 adnotavit
1049 3406 1277 3483 editor),
1323 3408 1427 3468 sed
1460 3408 1621 3469 idem
1663 3408 1762 3469 vel
1806 3412 1891 3468 sic
1933 3409 2456 3470 Lachmannianae
2499 3413 2873 3469 coniecturae

694 3514 864 3553 suam
912 3512 1150 3553 manere
1199 3493 1677 3573 probabilitatem
1731 3494 2034 3555 contendit
2083 3503 2393 3574 propterea
2436 3494 2596 3574 quod
2646 3495 2870 3575 alioqui

695 3577 916 3658 duplex
960 3579 1317 3659 Hieronymi
1361 3588 1421 3640 et
1470 3582 1536 3638 in
1587 3599 1745 3639 anno
1798 3579 1985 3639 natali
2035 3588 2243 3659 poetae
2288 3588 2348 3639 et
2389 3581 2453 3637 in
2498 3579 2665 3639 fatali
2708 3599 2874 3639 error

693 3664 980 3744 explicari
1011 3685 1133 3724 non
1167 3673 1377 3744 posset.
1448 3684 1653 3724 verum
1688 3668 1740 3724 si
1771 3672 2020 3724 noverat
2053 3664 2532 3743 chronographus
2568 3664 2870 3725 Catullum

692 3759 940 3810 mortem
974 3749 1165 3810 obisse
1201 3771 1359 3809 anno
1394 3754 1604 3810 aetatis
1638 3752 1958 3824 tricesimo,
2006 3749 2255 3809 alterum
2290 3752 2415 3809 eius
2450 3757 2756 3829 peccatum
2790 3769 2869 3809 ex

693 3833 878 3895 altero
930 3854 1170 3895 manare
1215 3843 1676 3895 consentaneum
1729 3844 1870 3895 erat.
1939 3834 2145 3894 videor
2187 3843 2383 3895 autem
2433 3835 2580 3894 mihi
2631 3855 2870 3894 causam

691 3921 903 3979 erroris
953 3922 1217 3979 universi
1266 3923 1652 4000 perspexisse.
1723 3920 2158 3999 Hieronymum
2211 3927 2440 3980 constat
2454 3964 2469 3992 ,
2522 3919 2626 3980 ubi
2678 3927 2870 3979 certas

688 4011 1019 4084 temporum
1053 4008 1383 4066 notationes
1419 4005 1577 4085 apud
1612 4007 1806 4083 ipsum
1841 4005 2188 4066 Suetonium
2222 4026 2344 4063 non
2377 4006 2718 4077 invenisset,
2766 4024 2867 4064 eas

690 4108 768 4150 ex
808 4089 984 4150 rebus
1027 4089 1102 4148 ab
1144 4089 1248 4149 illo
1292 4089 1523 4150 traditis
1576 4092 1939 4150 coniecturas
1992 4109 2167 4169 saepe
2209 4090 2538 4150 levissimas
2591 4089 2865 4149 faciendo

689 4174 1181 4256 conputandoque
1214 4176 1461 4257 adsequi
1495 4175 1733 4235 solitum
1768 4194 1911 4250 esse,
1950 4195 2068 4254 qua
2102 4174 2174 4235 de
2209 4194 2273 4235 re
2319 4173 2470 4235 conf.
2507 4174 2869 4235 Ritschelius
