3225 5171
639 402 830 465 oxvm
1405 418 1759 463 AnNo‘rAno
1805 421 2049 464 eRrrmA

640 560 818 600 sonus
852 539 1167 601 verborum
1204 541 1569 614 quaeritando
1606 549 1760 598 tanto
1797 542 2105 600 vicinitate
2141 541 2397 601 effectus,
2433 573 2518 583 —
2554 541 2633 600 25
2671 547 2812 603 ante

641 627 724 684 24
775 626 1081 685 conlocavi
1136 645 1270 682 cum
1323 626 1555 684 Mureto
1608 624 1876 705 aliisque.
1930 657 2016 667 ———
2069 627 2147 684 26
2203 629 2364 684 nivea
2416 629 2632 702 citaque
2682 629 2814 702 biya

637 710 932 769 Handius.
1019 713 1171 768 nivee
1228 713 1435 784 citaque
1487 711 1607 784 biye
1657 709 1758 769 vel
1812 711 2028 769 similia
2082 711 2235 770 libri.
2321 713 2512 770 niveae
2565 716 2814 788 citaeque

637 798 797 870 biqae
837 795 1037 871 vulg0‚
1085 802 1144 853 et
1185 796 1270 852 sic
1302 794 1621 873 Hauptius.
1701 816 1729 852 e
1763 795 1959 854 littera
1999 795 2160 854 haud
2202 815 2335 854 raro
2377 817 2485 875 pro
2520 818 2559 855 a
2591 799 2811 876 scripta

636 882 704 940 in
758 880 1057 939 codicibus
1103 879 1474 951 CatullianiS‚
1520 879 1686 938 velut
1729 900 1777 938 c.
1811 878 1911 938 XI
1949 882 1985 938 7
2031 901 2135 956 que
2167 901 2274 959 pro
2312 901 2424 956 qua
2460 882 2519 943 G
2568 882 2807 962 aliique,

635 965 856 1024 LXIII
877 967 954 1024 89
973 967 1104 1038 fecit
1131 985 1236 1043 pro
1261 967 1404 1038 facit
1436 971 1668 1022 tantum
1696 985 1817 1024 non
1853 984 2054 1024 omnes
2089 966 2387 1044 praebent.
2408 997 2493 1007 —
2513 968 2591 1024 22
2630 969 2812 1025 nostri

635 1055 717 1109 sis
751 1050 906 1123 libri,
940 1052 1058 1108 nisi
1095 1048 1253 1130 quod
1290 1048 1342 1110 Ο
1378 1052 1569 1122 vestri,
1608 1048 1667 1109 G
1702 1070 1767 1107 ve
1802 1045 1963 1124 (sscr.
2000 1047 2095 1124 no)
2114 1054 2223 1108 stri
2256 1050 2449 1110 habet.
2520 1071 2577 1110 v.
2613 1052 2809 1111 West·

632 1136 901 1214 phalium
943 1156 1001 1214 p.
1040 1137 1163 1193 224
1184 1155 1226 1194 s.
1280 1136 1602 1194 rectissime
1648 1133 1721 1194 de
1773 1136 1948 1195 huius
2001 1135 2273 1194 lectionis
2316 1138 2566 1195 veritate
2610 1135 2809 1215 dispu-

633 1229 877 1280 tantem.
959 1219 1114 1280 conf.
1160 1222 1340 1279 etiam
1381 1218 1627 1277 Ellisius
1671 1222 1736 1278 in
1782 1220 1979 1280 adnot.
2018 1222 2139 1279 crit.
2179 1228 2238 1280 et
2279 1222 2344 1279 in
2388 1223 2808 1281 commentario

631 1325 687 1384 p.
730 1306 866 1364 155.
937 1307 1114 1363 vostri
1146 1308 1248 1362 sim
1284 1323 1418 1363 cum
1455 1303 1759 1381 Scaligero
1794 1305 2213 1364 Lachmannus
2252 1312 2311 1364 et
2343 1305 2666 1383 Hauptius.

759 1391 942 1451 LVII
977 1393 1012 1449 6
1049 1393 1266 1465 yemelli
1300 1388 1546 1461 codices,
1584 1389 1746 1468 quod
1781 1389 1976 1449 deleta
2012 1410 2144 1449 cum
2170 1391 2400 1468 Heysio
2437 1409 2589 1470 quae
2622 1390 2805 1468 vulgo

633 1483 766 1555 post
790 1478 1017 1553 pariter
1060 1475 1301 1554 ponitur
1335 1476 1809 1551 interpunctione
1843 1477 1999 1547 satiS,
2046 1483 2113 1533 ut
2145 1475 2398 1547 videtur,
2447 1474 2806 1535 defensionis

631 1561 827 1634 habet,
890 1560 1243 1639 reduxitque
1302 1560 1421 1618 iam
1473 1558 1781 1618 Vahlenus
1833 1561 1899 1618 in
1948 1560 2203 1638 Hauptii
2265 1559 2524 1620 editione
2575 1570 2804 1641 quarta.

627 1645 787 1705 conf.
826 1645 1124 1724 disputata
1158 1644 1235 1703 ab
1271 1663 1340 1703 eo
1374 1645 1441 1703 in
1472 1646 1772 1722 prooemio
1807 1643 1927 1702 ind.
1965 1644 2095 1704 lect.
2124 1644 2317 1704 Berol.
2346 1652 2489 1704 aest.
2525 1665 2577 1707 a.
2618 1646 2801 1718 1880,

628 1753 690 1810 p.
716 1731 775 1788 4.
831 1733 1016 1788 tenelli
1046 1731 1364 1808 Hauptius.
1402 1759 1486 1768 ——
1524 1729 1560 1785 7
1599 1732 1847 1787 lecticulo
1876 1728 1929 1788 O
1968 1729 2143 1802 solus,
2181 1729 2593 1790 Baehrensius.
2647 1730 2802 1790 conf.

631 1815 848 1874 Munro
886 1817 1030 1874 crit.
1052 1815 1169 1872 131
1195 1834 1240 1873 s.
1311 1817 1510 1872 lectulo
1547 1813 1761 1892 reliqui
1793 1814 1949 1886 libri,
1987 1821 2046 1874 et
2081 1817 2165 1873 sic
2198 1815 2515 1893 HauptiuS.

758 1901 911 1959 LIX
950 1904 981 1957 1
1021 1902 1154 1972 rufa
1185 1900 1397 1972 Rufum
1432 1901 1482 1956 io
1517 1900 1741 1978 scripsi.
1812 1902 1946 1972 rufa
1978 1902 2165 1973 rufum
2199 1900 2273 1959 V.
2341 1901 2501 1973 Rufa
2532 1901 2810 1975 Rufulum.

625 1985 1050 2046 Lachmannus
1087 1994 1145 2044 et
1177 1985 1477 2063 Hauptius
1515 2004 1649 2042 cum
1681 1982 1872 2042 Italis,
1936 1983 2011 2043 de
2046 1986 2212 2044 cuius
2248 1987 2620 2045 coniecturae
2652 1989 2807 2046 veri·

625 2080 749 2131 tate
792 2073 913 2129 iam
957 2070 1359 2148 Westphalius
1403 2089 1459 2147 p.
1501 2070 1621 2127 137
1667 2069 1885 2148 aliique
1936 2072 2064 2129 iure
2120 2069 2557 2130 dubitaverunt.
2644 2073 2820 2150 prior

624 2177 749 2216 vox
793 2158 845 2215 si
886 2175 991 2234 pro
1037 2155 1294 2233 epitheto
1332 2156 1636 2233 accipitur,
1683 2153 1913 2232 aliquid
1956 2157 2244 2214 acuminis
2288 2157 2487 2214 versui
2523 2155 2806 2215 accedere

623 2249 896 2321 apertum
954 2247 1056 2313 est.
1141 2238 1296 2298 conf.
1342 2240 1557 2297 Munro
1605 2241 1730 2298 crit.
1779 2241 1915 2297 134.
2005 2241 2261 2298 nominis
2314 2259 2454 2299 vero
2506 2241 2665 2320 quod
2715 2251 2807 2300 est

625 2328 813 2400 Rufus
851 2324 1176 2384 deminutio
1211 2326 1428 2382 rationi
1463 2326 1739 2383 carminis
1774 2325 1882 2382 vix
1916 2332 2071 2403 apta.

755 2409 874 2468 LX
913 2410 948 2468 5
995 2430 1034 2466 a
1077 2405 1462 2485 (coniunctim
1506 2411 1789 2487 scriptum
1834 2430 1968 2469 cum
2011 2429 2158 2470 voce
2209 2429 2361 2490 quae
2407 2408 2691 2490 sequitur)
2727 2411 2804 2471 V.

622 2497 700 2555 ab
733 2495 1049 2572 Haupt-ius.

754 2579 908 2640 LXI
944 2578 1192 2638 21-25
1230 2578 1469 2659 quando
1516 2580 1580 2638 in
1617 2579 1857 2658 stropha
1892 2600 2045 2660 quae
2079 2579 2376 2640 antecedit
2419 2601 2634 2659 sponsa
2668 2602 2805 2641 cum

624 2667 860 2727 Venere
904 2673 1224 2744 conparata
1267 2672 1370 2735 est,
1426 2672 1484 2724 et
1528 2664 1768 2744 quidem
1814 2685 1948 2723 cum
1990 2666 2223 2725 Venere
2276 2666 2467 2745 qualis
2511 2668 2575 2725 in
2619 2675 2806 2725 certa-

625 2754 787 2811 mine
829 2751 1284 2831 pulchritudinis
1317 2749 1525 2808 Paridi
1571 2749 1755 2809 iudici
1801 2751 2275 2828 conspiciendam
2318 2770 2443 2810 sese
2489 2751 2798 2825 obtulerat,

627 2839 871 2918 quaevis
915 2857 1072 2896 nova
1116 2837 1457 2915 conparatio
1502 2834 1581 2893 ad
1631 2834 2132 2913 pulchritudinem
2175 2837 2389 2895 Viniae
2443 2835 2803 2896 efferendam

625 2925 897 2982 instituta
948 2920 1266 2980 admodum
1317 2919 1606 2997 languida
1661 2927 1765 2980 est.
1864 2919 2093 2979 accedit
2146 2920 2307 2999 quod
2349 2922 2504 2980 inter
2547 2924 2803 2999 priorem

623 3028 761 3067 cum
811 3007 1047 3067 Venere
1100 3014 1160 3066 et
1218 3010 1599 3084 posteriorem
1653 3026 1788 3065 cum
1838 3012 2032 3084 myrto
2087 3008 2565 3084 conparationem
2617 3007 2804 3065 verba

622 3092 918 3172 quaedam
951 3093 1299 3169 interposita
1325 3098 1462 3149 sunt
1490 3109 1642 3169 quae
1676 3111 1799 3150 non
1825 3090 1905 3149 ad
1938 3089 2203 3163 formam,
2242 3090 2348 3150 sed
2384 3090 2461 3149 ad
2493 3094 2803 3167 ingenium

623 3194 932 3256 moresque
984 3176 1203 3235 Viniae
1256 3183 1538 3253 spectant.
1628 3175 1840 3256 quodsi
1889 3183 2097 3254 reputo
2153 3194 2229 3235 ne
2273 3177 2509 3253 singula
2560 3176 2803 3256 quidem

625 3262 949 3320 offensione
992 3279 1184 3319 vacua
1227 3278 1372 3331 esse,
1426 3280 1557 3318 cum
1592 3280 1649 3319 v.
1690 3262 1767 3319 23
1805 3259 2010 3320 addita
2056 3259 2133 3319 ad
2168 3260 2663 3339 Hamadryadum
2698 3281 2803 3320 no-

624 3365 762 3405 men
813 3366 933 3404 vox
987 3346 1122 3402 deae
1173 3346 1466 3404 communi
1517 3352 1781 3405 veterum
1836 3345 1910 3405 de
1968 3347 2081 3405 hoc
2133 3365 2351 3423 genere
2402 3346 2802 3425 nympharum

623 3432 890 3511 opinioni
926 3431 1167 3488 minime
1210 3431 1524 3488 conveniat
1566 3425 1731 3504 (nam
1765 3431 2051 3489 Nonnum
2086 3434 2190 3510 qui
2223 3431 2567 3510 Dionysiac.
2603 3432 2803 3491 XXII

625 3516 748 3574 118
789 3508 1192 3591 Ἁμαδρυᾶδος
1235 3509 1298 3572 δὲ
1332 3509 1576 3589 θεαίνης
1621 3514 1773 3573 dixit
1815 3535 1938 3574 non
1983 3515 2166 3590 curo),
2220 3536 2275 3574 v.
2316 3516 2392 3574 25
2439 3524 2637 3575 autem
2680 3535 2802 3575 me-

619 3604 771 3661 trica
821 3601 1066 3660 licentia
1125 3601 1466 3659 inveniatur
1525 3619 1819 3679 nusquam
1871 3600 2017 3660 alibi
2071 3600 2342 3674 admissa,
2405 3604 2803 3679 suspicionem

621 3686 1012 3765 interpolatae
1048 3684 1322 3763 strophae
1356 3686 1503 3743 mihi
1535 3688 1762 3744 moveri
1796 3684 2001 3745 fateor.
2039 3718 2123 3727 —
2169 3688 2248 3745 68
2285 3688 2450 3744 nitier
2482 3687 2801 3745 AvantiuS.

620 3775 780 3830 vities
818 3770 890 3832 O.
945 3773 1114 3829 vicier
1151 3769 1225 3830 G.
1283 3772 1489 3845 cinyz‘er
1521 3770 1825 3849 Hauptius
1861 3790 1995 3829 cum
2030 3770 2377 3831 Schrader0.
2397 3773 2581 3829 —86
2599 3791 2645 3830 s,
2683 3772 2802 3828 Au-

621 3859 910 3915 runculeia
944 3855 1016 3917 O.
1095 3857 1436 3914 Arunculeia
1471 3855 1531 3914 G·
1574 3876 1709 3915 cum
1744 3856 1986 3935 reliquis
2020 3856 2200 3936 pleris
2241 3874 2333 3929 ue,
2380 3863 2439 3916 et
2473 3858 2558 3914 ita
2592 3857 2803 3935 Haup-

618 3946 758 4001 tius.
793 3972 878 3982 —-
915 3942 994 4000 98
1031 3943 1156 3998 vide
1187 3951 1250 3998 ut
1282 3940 1440 3999 Itali.
1509 3943 1671 3999 viden
1705 3952 1766 3999 ut
1800 3940 1955 3999 libri.
2026 3943 2212 3999 viden.
2264 3947 2398 4019 post
2431 3940 2580 3999 alios
2607 3941 2804 3999 Lach-

621 4046 874 4086 mannus
927 4025 1003 4084 ad
1054 4026 1231 4084 Lucr.
1275 4026 1378 4084 ΙΙΙ
1422 4026 1565 4099 954,
1623 4027 1718 4085 cui
1770 4025 2079 4086 obsecutus
2125 4034 2213 4085 est
2255 4027 2571 4104 HauptiuS.
2643 4025 2804 4087 conf.

621 4112 692 4171 L.
729 4111 1004 4169 Muelleri
1036 4110 1218 4189 praef.
1245 4110 1424 4169 XXI.
1453 4143 1539 4153 —-
1568 4112 1689 4169 127
1727 4114 1926 4170 iocatio
1954 4112 2085 4170 Nic.
2113 4111 2418 4171 Heinsius.
2489 4114 2695 4169 locacio
2725 4110 2801 4172 O.

615 4200 814 4256 Iotatz'o
851 4196 939 4273 (in
975 4215 1157 4272 marg.
1195 4198 1274 4254 al.
1313 4194 1536 4273 locutio)
1576 4196 1651 4257 G.
1732 4199 1931 4256 locutio
1974 4197 2188 4277 reliqui
2232 4196 2467 4258 codices
2510 4196 2803 4276 plerique,
