3225 5171
717 422 864 464 XXIV
1579 417 2038 460 PROLEGOMENA

718 548 896 620 poeta
929 543 995 598 in
1031 537 1224 615 elegia
1255 535 1421 596 Allio
1460 536 1672 608 dicata,
1711 556 1888 615 quam
1922 533 2235 594 concordia
2266 538 2421 596 inter
2452 544 2717 597 amantes
2750 557 2901 598 non-

721 626 863 685 dum
897 627 1137 701 gravius
1173 641 1456 681 concussa
1487 621 1708 683 factam
1742 624 1954 680 scimus
1990 616 2167 696 (conf.
2203 641 2260 681 v.
2302 621 2419 680 135
2449 641 2523 681 ss.
2560 631 2619 682 et
2657 622 2775 680 159
2804 619 2897 698 s.),

719 719 919 770 tamen
959 709 1032 768 de
1065 711 1255 767 initiis
1290 706 1543 767 foederis
1577 715 1879 785 tamquam
1922 706 1996 766 de
2038 713 2298 785 tempore
2342 707 2543 785 paullo
2586 711 2899 768 remotiore

719 796 981 875 loquitur
1017 789 1195 868 (conf.
1230 796 1297 851 in
1331 794 1534 870 primis
1568 812 1626 851 v.
1669 794 1788 850 131
1825 798 1887 851 et
1923 790 2063 864 158,
2102 794 2153 849 si
2189 790 2426 870 quidem
2461 800 2618 853 recte
2652 812 2762 869 ego
2797 793 2902 852 hic

721 899 955 961 quoque
988 889 1104 936 tum
1134 876 1408 937 voculam
1441 875 1706 954 inserui).
1765 883 1835 935 ut
1867 884 2064 937 autem
2098 874 2533 937 adulescentem
2566 878 2748 938 fuisse
2784 877 2899 938 Ca-

719 966 949 1038 tullum,
995 984 1129 1024 cum
1159 963 1441 1022 Lesbiam
1474 962 1727 1038 diligere
1768 964 2074 1040 inciperet,
2108 963 2230 1020 iam
2262 961 2633 1022 vehementia
2672 962 2898 1022 ardoris

723 1055 849 1111 eius
894 1051 1106 1128 probat
1151 1047 1328 1122 (conf.
1366 1047 1628 1107 eiusdem
1671 1046 1899 1123 elegiae
1942 1066 1998 1104 v.
2034 1043 2331 1122 53-56),
2383 1051 2471 1107 ita
2515 1050 2775 1108 carmina
2816 1046 2899 1106 ad

720 1136 889 1195 illam
933 1138 1276 1214 spectantia,
1324 1140 1570 1211 excepto
1616 1131 1865 1190 fortasse
1910 1135 2170 1191 omnium
2210 1135 2398 1210 primo
2443 1151 2476 1192 e
2511 1132 2751 1212 Sappho
2798 1152 2898 1193 ex-

720 1239 939 1301 presse,
966 1227 1192 1278 tantam
1217 1218 1475 1297 produnt
1497 1220 1896 1276 maturitatem
1919 1223 1988 1275 ut
2012 1237 2133 1276 non
2160 1221 2389 1295 possint
2413 1221 2532 1276 nisi
2557 1218 2632 1277 ab
2659 1217 2901 1278 homine

720 1308 1069 1367 vicesimum
1105 1324 1327 1363 annum
1371 1321 1604 1380 egresso
1652 1301 1893 1361 condita
1936 1321 2081 1362 esse.
2151 1321 2345 1380 neque
2385 1302 2649 1381 profecto
2698 1303 2898 1364 adule-

722 1391 1019 1451 scentulus
1054 1388 1321 1448 nondum
1352 1390 1688 1447 vicenarius
1715 1407 1821 1447 ver
1856 1389 2064 1446 aetatis
2099 1405 2242 1446 suae
2276 1388 2398 1445 iam
2429 1396 2735 1466 peractum
2768 1407 2897 1448 esse

723 1477 1062 1553 significare
1097 1476 1388 1552 potuisset
1421 1494 1470 1532 c.
1495 1473 1775 1533 LXVIII
1814 1473 1909 1530 16.
1932 1485 1953 1499 ‘
1972 1490 2125 1551 quae
2160 1492 2294 1531 cum
2327 1473 2414 1531 ita
2445 1475 2582 1546 sint,
2618 1471 2899 1533 Lesbiam

724 1582 777 1621 a.
825 1554 1051 1639 693161
1101 1579 1138 1617 a
1183 1557 1418 1618 Catullo
1472 1562 1659 1617 amari
1712 1565 1979 1635 coeptam
2030 1576 2159 1617 esse
2207 1555 2592 1636 probabiliter
2643 1564 2899 1618 statuere

723 1645 1011 1705 videmur.
1074 1664 1206 1703 cum
1233 1643 1347 1702 hac
1371 1645 1650 1722 temporis
1678 1642 2021 1702 definitione
2049 1642 2123 1701 ab
2149 1643 2295 1721 ipsis
2323 1643 2681 1703 carminibus
2715 1645 2902 1722 petita

725 1733 944 1809 optime
988 1736 1324 1805 congruunt
1365 1747 1519 1807 quae
1566 1727 1645 1788 de
1688 1730 1815 1787 vita
1858 1725 2104 1787 Clodiae
2148 1726 2604 1806 quadrantariae
2656 1730 2902 1807 eiusque

722 1817 922 1875 mariti
981 1814 1200 1873 tradita
1270 1815 1628 1893 accepimus,
1685 1820 1757 1872 ut
1821 1812 1962 1872 hinc
2023 1832 2256 1892 quoque
2320 1814 2661 1873 universam
2718 1833 2899 1893 quam

725 1899 1095 1968 defendimus
1157 1900 1510 1958 sententiam
1568 1918 1693 1957 non
1750 1897 2125 1957 mediocriter
2186 1898 2538 1977 conprobari
2597 1898 2897 1978 adpareat.

721 1986 1005 2045 Lesbiam
1047 1993 1294 2063 nuptam
1329 1984 1528 2057 fuisse,
1574 2003 1709 2043 cum
1746 1982 2013 2042 Catullus
2058 2002 2256 2043 amore
2300 1986 2427 2042 eius
2470 1982 2900 2057 incenderetur,

722 2091 903 2151 supra
962 2069 1340 2129 ostendimus.
1431 2068 1645 2129 Clodia
1707 2089 1823 2147 quo
1883 2075 2146 2146 tempore
2208 2065 2282 2141 Q.
2332 2067 2574 2128 Metello
2635 2071 2901 2148 nupserit

721 2158 1033 2228 nescimuS,
1081 2152 1185 2214 sed
1219 2175 1348 2213 eam
1386 2175 1439 2214 a.
1479 2149 1708 2230 692162
1752 2154 1927 2212 huius
1969 2171 2215 2212 uxorem
2259 2152 2443 2213 fuisse
2486 2172 2565 2212 ex
2600 2153 2902 2214 Ciceronis

721 2243 894 2319 epist.
935 2240 1012 2298 ad
1047 2239 1185 2297 fam.
1221 2239 1281 2299 V
1317 2241 1354 2296 2
1394 2242 1430 2298 6
1467 2239 1849 2316 intellegitur.
1920 2257 1989 2297 eo
2026 2245 2222 2297 autem
2256 2258 2413 2298 anno
2446 2238 2723 2297 Metellus
2759 2237 2901 2299 Gral-

719 2325 843 2384 liae
896 2325 1218 2403 cisalpinae
1267 2326 1609 2402 provinciae
1668 2330 1956 2402 praeerat.
2033 2322 2196 2383 unde
2248 2322 2423 2382 simul
2474 2323 2731 2383 efficitur
2780 2345 2901 2384 non

720 2429 898 2489 posse
932 2413 998 2468 in
1030 2408 1190 2468 hunc
1225 2429 1447 2468 annum
1480 2411 1655 2468 initia
1687 2410 1904 2467 amoris
1940 2407 2267 2468 Catulliani
2309 2406 2535 2481 cadere,
2579 2411 2738 2488 quia,
2779 2429 2901 2488 quo

723 2503 987 2574 tempore
1039 2492 1476 2554 inconsiderata
1534 2493 1799 2552 ardentis
1849 2500 2061 2570 poetae
2119 2493 2372 2553 audacia
2422 2492 2670 2553 Clodiae
2721 2494 2902 2554 bilem

720 2581 1016 2653 movebat,
1062 2580 1339 2639 maritum
1373 2581 1497 2639 eius
1530 2580 1758 2638 Romae
1793 2577 2053 2639 adfuisse
2097 2598 2175 2639 ex
2208 2599 2255 2639 c.
2289 2576 2641 2638 LXXXIII
2680 2582 2902 2660 perspi-

726 2686 903 2727 cuum
947 2673 1051 2738 est,
1104 2673 1173 2723 ut
1215 2666 1393 2724 etiam
1432 2663 1546 2723 hoc
1587 2671 1936 2742 argumento
1982 2664 2061 2723 ad
2102 2667 2512 2744 insequentem
2551 2667 2747 2743 potius
2799 2684 2902 2724 an·

725 2773 870 2811 num
914 2750 1287 2810 deducamur.
1359 2750 1517 2829 quod
1569 2759 1768 2808 autem
1816 2756 2052 2829 poetam
2092 2768 2201 2828 per
2241 2750 2311 2808 P.
2344 2748 2633 2810 Alfenum
2673 2751 2900 2810 Varum

726 2837 1183 2898 Cremonensem
1219 2834 1297 2894 ad
1325 2833 1597 2895 Clodiam
1633 2836 1875 2914 eiusque
1906 2836 2101 2893 virum
2132 2833 2531 2894 introductum
2563 2854 2692 2895 esse
2726 2855 2903 2914 supra

721 2924 1006 3001 suspicati
1039 2941 1255 2995 sumuS,
1292 2922 1418 2980 eius
1454 2922 1825 2980 coniecturae
1848 2938 2011 2979 nunc
2035 2926 2286 2996 augetur
2306 2919 2711 2999 probabilitas.
2765 2940 2902 2979 con-

728 3015 1074 3067 sentaneum
1141 3016 1230 3067 est
1297 3008 1453 3065 enim
1520 3005 1787 3066 homines
1848 3003 2312 3083 Transpadanos
2379 3004 2542 3064 haud
2599 3003 2903 3065 difficilem

725 3091 1006 3151 habuisse
1040 3091 1267 3149 aditum
1300 3092 1365 3149 in
1391 3090 1627 3174 domum
1662 3093 1787 3150 eius
1806 3093 1909 3169 qui
1941 3089 2115 3149 modo
2145 3088 2380 3149 Galliae
2414 3091 2736 3170 cisalpinae
2768 3110 2902 3169 pro-

727 3176 935 3236 consul
984 3175 1217 3247 fuisset,
1277 3182 1587 3254 potestque
1633 3175 1765 3235 fieri
1813 3183 1881 3234 ut
1920 3175 2197 3235 Metellus
2239 3176 2530 3248 Veronae,
2576 3183 2647 3235 ut
2696 3183 2904 3254 postea

727 3259 796 3327 C.
831 3261 1018 3320 Iulius
1057 3259 1292 3333 Caesar,
1327 3260 1512 3338 patris
1548 3259 1771 3320 Catulli
1803 3259 2058 3338 hospitio
2092 3280 2232 3320 usus
2267 3262 2359 3320 sit.
2424 3267 2561 3320 sunt
2594 3260 2715 3320 alia
2749 3279 2906 3341 quae

722 3366 851 3406 non
883 3347 1078 3405 minus
1113 3342 1419 3424 quadrent.
1473 3365 1521 3403 c.
1555 3344 1853 3419 LXVIII,
1898 3344 2059 3424 quod
2092 3366 2225 3404 cum
2255 3348 2323 3405 in
2355 3345 2502 3405 urbe
2535 3348 2731 3425 patria
2764 3350 2903 3406 scri-

725 3432 894 3491 beret
935 3438 1126 3509 poeta,
1178 3430 1457 3489 Lesbiam
1498 3450 1622 3489 non
1663 3449 1727 3489 se
1769 3451 1889 3490 uno
1932 3438 2267 3490 contentam
2311 3450 2437 3490 esse
2470 3434 2593 3490 iam
2635 3439 2899 3505 noverat,

727 3515 1051 3576 secundum
1083 3534 1155 3575 ea
1187 3534 1339 3594 quae
1370 3515 1573 3594 paullo
1609 3523 1749 3575 ante
1784 3515 2041 3575 diximus
2079 3515 2339 3577 dubitari
2371 3535 2493 3575 non
2525 3523 2720 3595 potest
2754 3520 2901 3596 quin

726 3623 884 3661 anno
932 3594 1164 3679 694160
1209 3608 1467 3660 extremo
1512 3608 1616 3662 aut
1654 3603 2021 3680 insequentis
2065 3600 2313 3661 dimidio
2357 3604 2541 3681 priori
2584 3600 2900 3678 adsignan-

722 3687 867 3747 dum
902 3690 994 3746 sit.
1064 3688 1186 3745 iam
1217 3686 1330 3746 hoc
1362 3693 1629 3766 tempore
1661 3704 1910 3747 uxorem
1941 3686 2169 3746 Metelli
2215 3690 2357 3746 satis
2390 3686 2547 3745 male
2581 3686 2901 3760 audivisse,

725 3776 902 3832 etiam
939 3776 991 3832 si
1022 3771 1287 3832 nondum
1317 3771 1457 3830 talis
1493 3780 1647 3833 esset
1680 3771 1873 3851 qualis
1906 3774 1975 3830 in
2009 3775 2275 3831 oratione
2304 3770 2589 3830 Caeliana
2623 3771 2902 3831 describi-

718 3865 834 3931 tur,
874 3858 1021 3916 ‘non
1057 3857 1388 3917 consulare’
1427 3855 1731 3918 Ciceronis
1777 3852 1852 3915 de
1894 3875 1967 3917 ea
2002 3856 2222 3916 dictum
2265 3857 2340 3916 ab
2382 3859 2513 3935 ipso
2556 3859 2624 3915 in
2669 3856 2900 3935 epistul.

722 3940 802 4001 ad
825 3941 1094 4001 Atticum
1118 3943 1186 4001 H
1217 3946 1249 3999 1
1285 3943 1321 4001 5
1357 3950 1662 4002 narratum
1697 3940 1967 4002 ostendit.
2021 3945 2225 4021 primis
2257 3948 2393 4019 post
2414 3948 2626 4019 poetae
2650 3942 2903 4001 Romam

717 4025 976 4086 reditum
1010 4027 1386 4105 temporibus,
1431 4027 1490 4086 h.
1528 4046 1597 4101 e.,
1631 4034 1702 4087 ut
1737 4047 1897 4087 nunc
1931 4025 2295 4087 confidenter
2325 4029 2710 4105 pronuntiare
2743 4027 2900 4099 licet,

716 4132 880 4171 anno
925 4107 1171 4187 695159,
1218 4133 1265 4171 c.
1309 4112 1492 4172 LXX
1535 4132 1713 4191 supra
1754 4112 2139 4173 attribuimus
2207 4114 2276 4170 in
2320 4130 2435 4191 quo
2481 4110 2639 4189 quod
2680 4112 2904 4172 Lesbia

711 4195 1071 4257 adseverare
1113 4197 1327 4257 dicitur
1368 4197 1519 4258 nulli
1563 4218 1627 4258 se
1668 4197 1893 4258 nubere
1934 4196 2113 4257 malle
2155 4216 2333 4276 quam
2380 4194 2633 4271 Catullo,
2681 4201 2793 4257 etsi
2834 4195 2902 4255 id
