3225 5171
1141 456 1594 500 PROLEGOMBNA
2307 457 2461 497 XLIII

280 576 533 650 opponit
566 580 632 631 ut
665 574 885 633 illam
866 595 932 633 111
955 577 1358 634 remotissimis
1393 574 1734 651 regionibus
1763 581 1821 634 et
1844 582 1977 652 post
2002 573 2255 652 plurima
2281 577 2460 634 etiam

283 656 527 717 saecula
561 657 830 717 lectum
812 662 903 732 1ri,
947 659 1055 719 hos
1090 667 1287 720 autem
1334 659 1632 718 ‘Paduam
1665 659 1793 719 ad
1775 659 2009 737 1psam’,
2045 661 2083 717 i.
2121 678 2168 718 e.
2215 662 2342 738 ipso
2388 679 2457 720 eo

281 742 414 801 loco
451 743 554 801 ubi
588 746 713 801 nati
750 746 867 803 sint
903 747 1208 804 morituros
1244 745 1642 825 scombrisque
1675 744 1845 803 laxas
1880 762 2055 822 saepe
2090 746 2321 804 tunicas
2358 745 2460 804 da·

281 835 446 886 turos
501 847 627 888 esse
679 838 1014 905 auguretur.
1093 830 1207 890 hoc
1256 833 1438 907 igitur
1499 849 1574 890 ex
1636 831 1892 888 carmine
1944 829 2254 888 Volusium
2304 829 2459 888 Padi

163 947 186 972 ·
281 912 546 970 fluminis
598 915 876 987 accolam,
931 934 1071 992 ergo
1117 916 1341 975 Catulli
1392 923 1467 987 et,
1520 922 1588 973 ut
1639 914 1888 986 videtur,
1945 911 2174 973 Cinnae
2225 934 2460 993 quoque

281 995 632 1074 popularem
682 999 865 1060 fuisse
907 1003 1311 1077 comperimus
1385 999 1641 1059 Cinnam
1685 1002 1843 1058 enim
1885 999 2136 1076 patriam
2183 999 2460 1059 habuisse

282 1082 553 1140 Brixiam
585 1083 987 1161 Kiesslingius
1023 1093 1388 1145 commentat.
1433 1088 1498 1144 in
1542 1085 1678 1143 hon.
1716 1085 1828 1143 Th.
1865 1083 2219 1143 Mommseni
2262 1086 2457 1163 script.

281 1187 340 1244 p.
389 1167 512 1225 353
550 1188 593 1227 s.
644 1170 1031 1246 probabiliter
1082 1173 1299 1230 statuit.
1371 1170 1617 1229 annales
1668 1178 1864 1228 autem
1905 1168 2141 1228 Volusii
2190 1169 2460 1228 versibus

283 1253 536 1331 scriptos
571 1252 754 1314 fuisse
798 1275 933 1315 cum
975 1255 1117 1316 inde
1160 1255 1414 1315 efficitur
1458 1255 1618 1333 quod
1658 1262 1835 1333 poeta
1876 1272 1975 1313 eos
2021 1274 2153 1312 cum
2197 1253 2460 1333 Zmyrna

281 1340 582 1414 conponit,
629 1347 757 1397 tum
795 1361 841 1398 c.
878 1341 1160 1400 XXXVI
1197 1341 1589 1411 confirmatur,
1636 1339 1713 1398 ad
1750 1338 1909 1418 quod
1953 1359 2092 1398 mox
2137 1338 2457 1416 disputatio

280 1425 606 1499 perveniet.
675 1443 869 1503 neque
911 1445 1052 1486 vero
1095 1425 1341 1486 dubium
1386 1433 1475 1485 est
1508 1427 1652 1504 quin
1695 1424 1760 1482 hi
1802 1422 2049 1483 annales
2086 1423 2292 1483 eodem
2336 1425 2459 1484 fere

282 1514 549 1584 tempore
583 1528 698 1587 quo
736 1509 967 1570 Cinnae
1002 1509 1266 1589 epyllion
1299 1511 1458 1569 foras
1494 1512 1614 1569 sint
1649 1509 1791 1568 dati.
1861 1510 1967 1587 qui
2002 1510 2119 1567 nisi
2153 1515 2280 1566 tum
2314 1512 2460 1568 novi

280 1589 550 1665 fuissent,
596 1594 850 1654 absurde
892 1595 1154 1672 profecto
1192 1595 1461 1655 Catullus
1503 1594 1828 1672 ignobilem
1870 1595 1955 1653 eis
1998 1595 2061 1651 in
2106 1594 2290 1652 natali
2333 1593 2459 1653 solo

281 1676 587 1735 interitum
655 1679 1061 1756 praedixisset.
1142 1689 1399 1741 ceterum
1461 1679 1620 1760 quod
1671 1699 1726 1738 v.
1783 1680 1820 1736 3
1884 1677 2115 1738 codices
2177 1678 2462 1738 exhibent

280 1781 500 1821 nomen
534 1763 856 1837 Hortensii,
892 1766 958 1824 id
991 1765 1305 1825 manifesto
1340 1765 1727 1843 depravatum
1762 1771 1866 1823 est.
1930 1782 2070 1822 nam
2102 1766 2279 1822 totius
2304 1766 2456 1822 ratio

280 1849 564 1906 carminis
615 1848 975 1909 demonstrat
1017 1851 1246 1910 nullum
1294 1861 1531 1929 poetam
1577 1849 1808 1909 Cinnae
1860 1849 2191 1926 oppositum
2244 1867 2371 1908 esse
2422 1868 2461 1907 a

284 1929 526 1990 Catullo
561 1945 790 2011 praeter
823 1955 1008 1994 unum
1043 1937 1368 1996 Volusium.
1440 1943 1619 2014 atque
1655 1933 1730 1992 de
1768 1932 1839 2006 Q.
1876 1933 2197 1991 Hortensio
2234 1930 2458 2007 Ortalo,

279 2024 516 2076 oratore
559 2018 949 2093 celeberr-imo,
1005 2040 1181 2100 quem
1224 2020 1535 2080 subsicivis
1577 2018 1939 2097 temporibus
1981 2019 2276 2094 poematia
2318 2037 2461 2096 quo-

283 2119 402 2179 que
448 2108 731 2163 amatoria
775 2105 985 2165 fecisse
1029 2107 1270 2178 scimus,
1318 2107 1495 2164 etiam
1537 2123 1702 2163 nunc
1746 2103 1994 2179 cogitari
2036 2122 2074 2159 a
2115 2122 2234 2160 non
2278 2101 2459 2161 nullis

280 2185 662 2249 vehementer
710 2193 905 2248 miror.
977 2192 1081 2268 qui
1123 2210 1238 2269 quo
1283 2188 1456 2249 modo
1509 2188 1628 2247 dici
1670 2188 1927 2266 potuerit
1968 2186 2459 2246 innumerabilem

279 2290 560 2331 versuum
595 2293 907 2333 numerum
941 2273 1166 2334 fudisse
1200 2276 1325 2333 sive
1360 2293 1477 2332 uno
1514 2293 1671 2333 anno
1717 2274 1843 2332 sive
1887 2276 2047 2331 intra
2079 2270 2143 2329 id
2177 2275 2457 2350 temporis

280 2359 542 2433 spatium
587 2358 744 2436 quod
800 2357 996 2417 Cinna
1045 2363 1111 2416 in
1163 2357 1522 2418 elaboranda
1572 2358 1835 2436 Zmyrna
1886 2365 2329 2434 consumpserat
2370 2388 2457 2398 —

277 2448 482 2499 utrum
534 2445 691 2500 enim
747 2442 963 2502 dixerit
1003 2451 1180 2522 poeta
1223 2446 1436 2502 amisso
1482 2445 1587 2522 qui
1628 2444 2048 2522 insequebatur
2089 2449 2456 2519 pentametro

278 2523 598 2584 diiudicari
632 2530 840 2608 nequit
873 2560 956 2570 —
990 2529 1168 2608 plane
1202 2549 1322 2589 non
1356 2528 1656 2607 intellego·
1729 2528 1942 2589 deinde
1979 2526 2249 2588 Ortalum
2284 2527 2455 2585 illum

279 2610 360 2669 ad
396 2630 573 2690 quem
610 2612 880 2674 Catullus
917 2635 964 2673 c.
994 2615 1169 2674 LXV
1195 2617 1355 2673 misit
1388 2614 1644 2675 eundem
1669 2615 2056 2674 Hortensium
2091 2632 2217 2673 esse
2253 2633 2456 2674 omnes

276 2700 673 2757 consentiunt.
744 2699 891 2759 haec
934 2702 1118 2777 igitur
1160 2700 1424 2779 epistula,
1471 2719 1625 2779 quae
1669 2699 1876 2759 eodem
1917 2701 2147 2758 circiter
2189 2706 2454 2775 tempore

278 2800 397 2859 quo
453 2802 499 2841 c.
550 2784 846 2857 LXVIII,
899 2787 936 2842 i.
991 2805 1040 2845 e.
1103 2806 1259 2844 anno
1316 2780 1544 2861 694l60
1598 2792 1862 2844 extremo
1924 2791 2029 2842 aut
2087 2785 2452 2862 insequentis

279 2864 528 2926 dimidio
562 2872 756 2946 priore
793 2872 1009 2949 scripta
1035 2880 1125 2929 est
1147 2867 1326 2944 (conf.
1356 2888 1509 2948 quae
1545 2889 1724 2947 supra
1749 2889 1804 2947 Ρ.
1824 2869 1922 2927 XI
1948 2875 2008 2927 et
2032 2867 2250 2926 XXIV
2280 2866 2449 2944 dixi),

278 2948 551 3010 Ortalum
577 2952 748 3012 docet
781 2975 900 3013 non
935 2959 1021 3014 ita
1055 2956 1239 3014 multo
1266 2962 1404 3014 ante
1430 2954 1505 3012 ab
1528 2952 1764 3013 Catullo
1790 2953 2070 3031 pet-ivisse
2095 2960 2162 3010 ut
2191 2954 2455 3011 carmina

277 3034 633 3095 Callimachi
656 3039 874 3097 Latino
911 3059 1176 3100 sermone
1212 3041 1581 3117 exprimeret,
1618 3041 1860 3117 eiusque
1892 3036 2185 3097 voluntati
2217 3045 2453 3114 poetam

277 3139 349 3180 eo
388 3121 885 3199 obtemperavisse
919 3134 985 3183 ut
1018 3126 1559 3204 interpretationem
1607 3143 1810 3183 comae
1843 3123 2157 3182 Berenices
2195 3124 2453 3182 carmine

276 3206 492 3265 LXVI
518 3207 978 3285 conprehensam
1006 3211 1224 3269 oratori
1248 3212 1520 3269 mitteret.
1573 3210 1641 3267 in
1668 3208 1875 3268 eadem
1902 3207 2156 3286 epistula
2182 3206 2452 3267 Catullus

276 3309 416 3350 eum
453 3290 527 3350 de
562 3299 749 3352 morte
782 3291 978 3352 fratris
1014 3297 1106 3354 sui
1140 3298 1445 3354 certiorem
1481 3293 1626 3353 facit
1658 3296 1743 3353 ita
1767 3302 1834 3353 ut
1868 3313 2102 3353 omnem
2128 3311 2452 3353 maerorem

278 3397 451 3436 suum
504 3378 569 3435 in
611 3376 773 3436 illius
817 3380 1014 3437 animo
1061 3379 1352 3457 deponere
1403 3379 1691 3439 videatur.
1764 3378 1924 3439 unde
1967 3380 2160 3437 virum
2203 3378 2454 3438 clarissi-

277 3481 439 3519 mum
484 3469 544 3521 et
586 3464 840 3521 amicum
890 3465 1097 3523 iuveni
1135 3464 1466 3523 Veronensi
1517 3464 1701 3524 fuisse
1744 3473 1805 3524 et
1845 3484 2134 3524 novorum
2179 3465 2282 3541 qui
2324 3471 2453 3522 tum

283 3545 630 3607 dicebantur
672 3556 977 3627 poetarum
1023 3548 1231 3607 studiis
1273 3548 1492 3609 favisse
1542 3551 1908 3628 perspicitur,
1961 3557 2028 3606 ut
2069 3547 2233 3606 nullo
2278 3548 2452 3608 modo

275 3634 474 3710 putari
515 3642 715 3711 posset
756 3636 822 3692 in
865 3654 913 3693 c.
948 3633 1123 3693 XCV
1156 3643 1277 3692 tam
1317 3634 1721 3694 inhumaniter
1761 3655 1799 3693 a
1835 3632 2071 3693 Catullo
2114 3635 2451 3708 exagitatus

275 3735 421 3789 esse,
457 3717 556 3777 vel
590 3721 644 3777 si
678 3718 788 3778 hoc
824 3722 1201 3798 epigramma,
1239 3727 1305 3778 ut
1338 3719 1742 3795 Kiesslingius
1776 3719 1814 3777 1.
1851 3740 1899 3778 c.
1936 3721 2226 3796 opinatur,
2260 3717 2449 3775 tribus

274 3808 628 3880 quattuorve
672 3807 845 3863 annis
888 3813 1021 3884 post
1065 3824 1112 3862 c.
1149 3804 1324 3864 LXV
1368 3807 1652 3882 scriptum
1695 3811 1862 3863 esset.
1932 3802 2037 3862 sed
2088 3821 2210 3861 non
2252 3803 2338 3859 ita
2388 3822 2452 3862 se

271 3905 400 3945 rem
434 3886 669 3961 habere,
714 3892 892 3947 immo
930 3910 975 3948 c.
1011 3889 1186 3949 XCV
1219 3889 1402 3948 multo
1445 3892 1674 3948 minore
1705 3891 1983 3968 temporis
2024 3885 2338 3946 intervallo
2373 3886 2450 3946 ab

270 3970 378 4030 illo
415 3970 634 4032 distare
677 3983 737 4032 et
771 3974 1009 4053 quidem
1053 3982 1190 4033 ante
1236 3974 1454 4034 factum
1498 3993 1626 4034 esse
1667 3972 1827 4032 infra
1872 3972 2226 4034 docebimus.
2293 3991 2451 4051 quae

274 4076 409 4115 cum
448 4060 537 4115 ita
579 4061 716 4130 sint,
769 4069 989 4119 certum
1041 4068 1129 4119 est
1168 4059 1489 4119 Hortensio
1542 4059 1772 4118 nullum
1815 4078 1941 4119 esse
1991 4057 2184 4116 locum
2227 4060 2293 4116 in
2336 4057 2449 4117 hoc

273 4144 553 4214 carmine,
591 4162 940 4224 versumque
987 4148 1112 4204 eius
1154 4148 1391 4203 tertium
1436 4144 1612 4204 hodie
1655 4144 1869 4204 mendo
1906 4143 2294 4203 deformatum
2328 4163 2452 4202 una

272 4246 409 4286 cum
433 4227 665 4305 perdito
690 4238 1055 4308 pentametro
1081 4233 1355 4310 primitus
1381 4230 1459 4289 ad
1486 4229 1738 4291 eundem
1756 4230 2068 4289 Volusium
2093 4228 2452 4307 pertinuisse
