3225 5171
1166 433 1627 476 PROLEGOMENA
2315 433 2488 475 XXVII

302 570 446 613 cuso
490 552 786 632 huiusque
829 553 1068 612 nomine
1108 554 1391 630 inscripto
1438 551 1878 612 demonstravit.
1906 551 2026 632 (op.
2069 553 2120 626 I,
2165 574 2221 632 p.
2259 553 2382 611 463
2411 572 2485 611 ss.

302 641 391 712 Π,
429 659 488 717 p.
526 638 668 696 354.
705 636 860 697 conf.
896 637 1336 697 Wehrmannus
1369 638 1504 697 fast.
1539 645 1723 716 praet.
1770 659 1827 716 p.
1867 635 1990 712 64).
2058 640 2178 697 iam
2216 637 2487 697 Catullus

302 726 372 783 in
415 723 654 783 Italiam
705 722 998 782 rediturus
1049 725 1304 801 primum
1352 721 1552 781 fratris
1605 723 1936 802 sepulcrum
1976 725 2042 782 in
2086 743 2189 782 ora
2233 723 2487 782 Troadis

302 808 536 873 conditi
567 807 720 867 adiit
751 807 1096 886 inferiisque
1129 811 1242 866 rite
1276 810 1563 867 institutis
1606 815 1837 867 mortuo
1874 810 1939 866 in
1973 817 2319 886 perpetuum
2351 809 2487 868 vale

304 894 478 967 dixit,
523 899 591 952 ut
623 914 672 953 c.
709 891 796 952 CI
831 895 887 952 ei
921 892 1180 952 dicatum
1224 901 1402 972 atque
1435 892 1596 950 haud
1635 892 1815 951 dubie
1857 896 1923 950 in
1966 896 2093 972 ipso
2138 893 2353 952 tumuli
2386 892 2487 952 ade

305 987 513 1058 spectu
563 978 785 1038 factum
836 978 1108 1038 ostendit.
1191 981 1354 1037 cuius
1406 976 1646 1057 quidem
1698 976 2007 1037 exordium
2057 982 2168 1038 etsi
2217 981 2302 1036 ita
2353 999 2489 1038 con-

304 1072 543 1143 ceptum
589 1070 677 1123 est
719 1070 786 1121 ut
826 1070 1003 1142 poeta
1045 1066 1111 1122 in
1142 1063 1492 1141 Bithyniam
1532 1063 1909 1142 proficiscens
1954 1063 2063 1122 hos
2104 1083 2307 1123 versus
2353 1070 2489 1122 con*

305 1151 574 1229 posuisse
606 1146 800 1208 videri
834 1150 1035 1227 possit,
1070 1158 1272 1208 tamen
1309 1167 1444 1207 eum
1478 1150 1544 1207 in
1578 1147 1773 1207 reditu
1817 1150 2012 1227 potius
2050 1147 2246 1207 fratris
2283 1169 2487 1208 manes

304 1235 597 1294 salutasse
629 1233 900 1312 plerique
931 1254 1054 1292 non
1089 1234 1218 1292 sine
1250 1253 1430 1292 causa
1465 1240 1746 1292 statuunt.
1817 1235 2035 1293 etenim
2070 1255 2205 1293 cum
2246 1236 2487 1293 comites

306 1320 575 1380 Memmii
608 1339 732 1378 una
767 1338 899 1377 cum
930 1317 1044 1377 hoc
1079 1337 1280 1377 omnes
1308 1317 1480 1377 domo
1514 1317 1807 1396 profectos
1834 1337 1962 1393 esse
1989 1337 2066 1395 ex
2095 1339 2142 1377 c.
2169 1319 2380 1379 XLVI
2408 1320 2489 1376 10

307 1406 715 1485 perspiciatur,
759 1424 884 1462 non
926 1405 1013 1462 ita
1055 1406 1185 1463 veri
1229 1403 1420 1463 simile
1465 1411 1553 1462 est
1598 1401 1835 1462 Catullo
1879 1403 1956 1461 ab
1999 1403 2181 1463 Italia
2221 1406 2490 1463 venienti

306 1491 680 1550 occasionem
731 1487 811 1548 ad
859 1488 1000 1547 litus
1053 1489 1380 1548 Troianum
1433 1486 1774 1567 adpellendi
1834 1487 2150 1567 fratrisque
2200 1489 2490 1548 tumulum

305 1573 547 1636 visendi
581 1574 779 1633 datam
815 1592 959 1632 esse.
1030 1581 1236 1633 contra
1269 1574 1335 1632 in
1367 1573 1578 1645 reditu,
1614 1581 1682 1632 ut
1712 1571 1874 1631 idem
1905 1576 2265 1651 poematium
2301 1573 2487 1647 docet,

306 1659 535 1720 diversi
578 1659 990 1731 discesserunt,
1036 1667 1098 1718 et
1132 1658 1400 1719 Catullus
1443 1658 1684 1737 quidem
1726 1679 1849 1717 non
1890 1666 2053 1717 recta
2086 1660 2188 1717 via
2227 1660 2487 1732 revertit,

304 1744 417 1806 sed
453 1751 630 1804 antea
673 1744 862 1803 claras
896 1742 1081 1803 Asiae
1121 1744 1298 1803 urbes
1344 1745 1531 1822 petiit.
1602 1746 1805 1822 itaque
1847 1751 1972 1803 tum
2015 1743 2249 1803 demum
2291 1743 2490 1803 fratris

305 1830 647 1908 sepulcrum
678 1830 754 1888 ab
791 1847 859 1888 eo
895 1828 1122 1888 aditum
1157 1847 1285 1888 esse
1317 1829 1734 1908 perprobabile
1769 1835 1871 1888 est.
1934 1849 2049 1908 quo
2086 1837 2282 1889 autem
2315 1828 2489 1889 modo

304 1917 428 1974 iter
478 1935 647 1973 suum
694 1916 1014 1973 instituerit
1065 1933 1355 1993 quemque
1405 1933 1639 1973 cursum
1689 1914 1946 1973 tenuerit
1996 1934 2046 1972 c.
2090 1913 2183 1973 IV
2233 1914 2492 1973 ostendit

305 1998 476 2063 haud
525 1998 773 2059 multum
831 2006 966 2078 post
1014 1999 1269 2058 reditum
1317 2001 1385 2058 in
1437 1998 1730 2057 Sirmione
1789 1997 2141 2076 paeninsula
2191 2001 2489 2077 scriptum.

302 2085 530 2152 ,etenim
571 2084 685 2143 hoc
728 2103 961 2163 quoque
1006 2103 1216 2161 poema
1259 2083 1337 2141 ad
1381 2084 1566 2160 ipsius
1616 2100 1711 2140 res
1757 2081 1981 2142 Catulli
2024 2084 2317 2160 pertinere
2360 2086 2491 2142 uni-

309 2189 548 2228 versum
582 2171 709 2229 eius
753 2176 1163 2244 argumentum
1205 2176 1588 2245 conparatum
1632 2187 1765 2225 cum
1805 2167 1981 2225 rebus
2024 2168 2091 2225 in
2136 2169 2490 2227 carminibus

302 2254 539 2323 XXXI
575 2263 636 2313 et
667 2253 879 2312 XLVI
922 2255 1387 2312 commemoratis
1431 2250 1808 2325 demonstrat,
1852 2270 2047 2331 neque
2086 2259 2283 2331 potest
2325 2251 2491 2312 dubi-

296 2341 429 2403 ,tari
464 2341 610 2418 quin
647 2336 950 2415 ‘limpidus
985 2336 1149 2396 lacus
1162 2337 1195 2410 ’,
1231 2355 1418 2415 usque
1443 2336 1523 2395 ad
1549 2356 1723 2416 quem
1747 2357 1803 2396 v.
1836 2338 1917 2394 24
1945 2336 2220 2415 phaselus
2255 2341 2491 2398 venisse

311 2424 549 2496 dicitur,
601 2423 873 2482 Benacus
915 2420 1349 2498 intellegendus
1401 2423 1477 2481 sit
1528 2419 1708 2495 (conf.
1757 2442 1803 2481 c.
1845 2421 2071 2481 XXXI
2116 2421 2239 2500 13).
2308 2425 2493 2499 igitur

296 2507 588 2569 ‹Catullus
606 2509 851 2583 navigio
867 2505 1208 2566 Amastride
1224 2504 1493 2567 mercede
1511 2506 1800 2566 conducto
1819 2538 1905 2548 —
1921 2528 2060 2566 nam
2080 2507 2095 2535 ‘
2106 2507 2292 2567 erum'
2314 2527 2490 2588 quem

296 2614 377 2660 ,se
409 2601 588 2654 vocat
618 2601 797 2672 poeta
829 2613 885 2651 v.
925 2593 1003 2650 19
1049 2600 1310 2670 praestat
1342 2592 1654 2652 Sirmionis
1698 2613 1875 2672 quam
1914 2593 2144 2672 phaseli
2188 2594 2490 2654 dominum

308 2681 579 2757 accipere
630 2677 831 2754 (conf.>
854 2699 904 2738 c.
955 2677 1182 2737 XXXI
1235 2674 1360 2752 12),
1412 2697 1607 2758 neque
1656 2678 1794 2737 huic
1846 2681 2187 2752 sententiae,
2240 2688 2306 2738 ut
2357 2688 2491 2757 post

297 2764 664 2837 videbimus,
700 2764 837 2822 finis
872 2765 1147 2823 carminis
1174 2763 1370 2836 obstat
1403 2795 1489 2805 —
1522 2782 1630 2841 per
1654 2763 1969 2822 Ponticum
1994 2766 2188 2822 sinum
2215 2772 2274 2821 et
2300 2765 2488 2822 Thra·

297 2852 469 2909 -ciam
501 2848 871 2928 Propontida
913 2847 1209 2927 profectus
1252 2868 1416 2908 oram
1457 2846 1644 2906 Asiae
1684 2850 1927 2906 minoris
1969 2847 2176 2924 legens
2210 2847 2489 2908 Rhodum

311 2936 612 3013 pervenit,
667 2932 881 2992 deinde
942 2954 1175 2993 cursum
1226 2931 1304 2991 ad
1357 2932 1653 3011 Cycladas
1714 2931 1957 3005 direxit,
2026 2931 2185 2991 unde
2243 2933 2487 3011 phaselo

298 3020 603 3081 Isthmum
643 3018 911 3077 traducto
944 3049 1028 3059 —
1064 3018 1323 3078 Maleam
1365 3019 1524 3077 enim
1563 3017 2034 3095 promunturium
2076 3017 2311 3075 flexisse
2355 3037 2490 3077 eum

309 3124 526 3183 parum
559 3101 839 3162 credibile
869 3134 958 3145 -—
989 3123 1097 3181 per
1139 3105 1332 3162 sinum
1369 3102 1811 3163 Corinthiacum
1852 3103 1916 3160 in
1954 3121 2120 3161 mare
2152 3103 2389 3161 Ionium
2431 3110 2491 3161 et

313 3188 690 3249 Adriaticum
729 3190 1040 3264 navigavit
1089 3187 1347 3267 indeque
1390 3190 1454 3247 in
1496 3188 1692 3247 lacum
1731 3188 2033 3246 Benacum
2075 3188 2342 3247 invectus
2385 3196 2488 3247 est.
2543 3241 2548 3245 .

311 3275 464 3333 haec
499 3271 751 3350 simplex
780 3273 902 3330 eius
929 3276 1212 3351 poematis
1236 3275 1644 3351 interpretatio
1672 3273 1950 3349 subgerit.
2004 3292 2255 3352 quacum
2280 3292 2492 3333 caven-

316 3359 461 3418 dum
514 3365 605 3417 est
654 3375 731 3415 ne
783 3358 1056 3416 carminis
1095 3358 1306 3418 XLVI
1355 3378 1412 3416 v.
1459 3358 1495 3414 8
1539 3376 1808 3436 pugnare
1859 3358 2221 3417 arbitremur.
2292 3377 2369 3417 ex
2419 3378 2491 3419 eo

295 3446 475 3503 -enim
503 3440 806 3502 Catullum
827 3441 1054 3501 Nicaea
1087 3442 1412 3520 profectum
1434 3442 1733 3502 Troadem
1755 3445 2195 3522 maritimasque
2219 3446 2491 3520 regiones

316 3530 496 3587 Asiae
522 3526 773 3606 pedibus
800 3546 1161 3604 peragrasse,
1188 3535 1255 3587 ut
1272 3528 1676 3606 Westphalius
1701 3536 1871 3605 putat
1896 3531 1977 3607 (p.
1999 3528 2137 3586 166.
2161 3530 2299 3586 172.
2321 3528 2491 3605 267),

293 3613 483 3673 nullo
516 3611 692 3672 modo
720 3611 922 3688 colligi
946 3620 1154 3690 potest.
1207 3616 1382 3672 immo
1409 3612 1699 3671 refellitur
1724 3615 1838 3671 ista
1863 3615 2064 3691 opinio
2091 3633 2222 3672 cum
2249 3611 2492 3673 exordio

290 3699 595 3758 carminis
633 3695 734 3770 CI,
781 3698 831 3756 si
867 3695 1107 3777 quidem
1146 3706 1338 3775 poeta,
1381 3706 1450 3757 ut
1490 3697 1905 3776 perprobabile
1948 3716 2076 3757 esse
2112 3697 2384 3770 diximus,
2428 3700 2494 3756 in

291 3783 557 3843 =Italiam
607 3781 844 3841 rediens
896 3781 1096 3842 fratris
1158 3783 1489 3860 sepulcrum
1538 3782 1713 3855 adiit,
1773 3789 1900 3841 tum
1951 3784 2226 3850 carminis
2269 3783 2496 3843 XXXI

316 3889 375 3925 v.
412 3867 450 3926 5
480 3887 543 3939 s.‚
578 3866 739 3927 unde
773 3887 907 3927 eum
939 3870 1054 3926 iter
1095 3887 1264 3927 suum
1306 3887 1382 3927 ex
1413 3868 1706 3945 Bithynia
1747 3869 1812 3926 in
1848 3866 2109 3926 Galliam
2150 3868 2497 3947 cisalpinam

290 3952 637 4011 admodum
671 3952 939 4012 celeriter
974 3952 1297 4020 confecisse
1338 3972 1448 4013 nec
1490 3973 1738 4032 usquam
1773 3952 1992 4026 diutius
2034 3961 2324 4012 moratum
2368 3972 2498 4014 esse

320 4037 699 4114 intellegitur.
754 4046 817 4097 at
851 4040 1009 4097 enim
1043 4038 1210 4097 illam
1243 4040 1337 4099 cui
1370 4040 1727 4117 patrocinati
1762 4057 1960 4097 sumus
1987 4041 2260 4097 carminis
2287 4040 2382 4099 IV
2408 4042 2498 4098 in-

320 4126 800 4200 terpretationem
842 4127 907 4182 in
951 4123 1330 4184 difficultates
1374 4122 1659 4203 quasdam
1700 4125 1997 4182 incurrere
2040 4144 2162 4183 non
2195 4143 2495 4202 negamus.

288 4247 293 4252 -
324 4225 481 4287 quae
516 4214 714 4267 tamen
747 4229 870 4268 non
902 4217 1106 4269 tantae
1141 4217 1279 4284 sunt
1311 4209 1712 4269 aestimandae
1744 4217 1813 4268 ut
1846 4211 2199 4270 sententiam
2240 4218 2502 4270 nostram
