3225 5171
1161 463 1616 506 PROLEGOMENA.
2351 463 2483 506 Lvu

302 583 621 645 Berenices
673 582 737 641 in
780 584 1036 661 patrium
1079 602 1405 643 sermonem
1453 601 1736 642 conversa
1756 584 1953 656 ·misit,
1990 584 2110 640 iam
2154 600 2331 660 supra
2372 601 2491 659 per

306 671 673 729 occasionem
710 676 997 747 quantum
1032 670 1174 727 satis
1207 676 1296 727 est
1331 667 1606 741 diximuS‚
1652 669 1914 746 itemque
1947 666 2020 727 de
2057 666 2260 727 Caelio
2294 666 2486 725 Vero-

303 754 476 814 nensi
513 760 573 812 et
606 751 682 811 de
715 752 896 810 Alli0.
968 755 1167 832 itaque
1212 752 1364 811 nihil
1398 772 1556 812 nunc
1589 752 1836 812 relicum
1871 760 1960 811 est
1993 753 2108 810 nisi
2151 759 2219 810 ut
2254 749 2484 810 Catulli

306 859 439 898 cum
475 837 750 898 Cornelio
793 838 1025 915 Nepote
1066 836 1557 898 necessitudinem
1601 836 2034 897 adumbremuS.
2107 838 2202 895 cui
2243 844 2484 914 poetam·

302 931 533 1002 partem
576 925 901 981 carminum
944 942 1181 982 suorum
1224 921 1526 982 dedicasse
1571 921 1878 981 exordium
1918 921 2059 980 libri
2102 923 2206 1001 qui
2249 919 2326 979 ad
2367 941 2486 980 nos

303 1010 576 1088 pervenit
609 1006 794 1067 docet.
846 1027 985 1065 nam
1013 1007 1171 1087 quod
1205 1007 1386 1084 vulgo
1424 1006 1672 1067 credunt
1694 1007 1853 1066 hunc
1877 1009 2072 1086 ipsum
2104 1024 2232 1066 esse
2258 1005 2484 1065 librum

305 1113 482 1173 quem
536 1092 806 1153 Catullus
850 1091 1072 1171 Nepoti
1123 1091 1445 1164 donaverit,
1500 1091 1564 1150 id
1616 1111 1795 1171 quam
1846 1094 1923 1152 sit
1973 1091 2188 1150 falsum
2239 1093 2305 1150 in
2357 1091 2490 1150 alia.

301 1179 514 1238 horum
534 1177 992 1256 prolegomenon
1008 1184 1176 1255 parte
1193 1177 1704 1237 demonstrabitur.
1758 1197 1996 1236 causam
2022 1184 2219 1236 autem
2237 1174 2485 1234 dicandi·

303 1271 480 1343 poeta
514 1261 704 1321 adfert
740 1260 898 1341 quod
933 1261 1242 1321 Cornelius
1287 1261 1361 1321 de
1404 1264 1570 1341 poesi
1615 1281 1723 1320 sua
1765 1261 2085 1321 honorifice
2128 1260 2489 1320 iudicaverit

303 1351 425 1408 iam
468 1366 537 1408 eo
580 1355 843 1424 tempore
886 1366 1001 1425 quo
1050 1347 1228 1406 ‘unus
1269 1346 1584 1406 Italorum'
1627 1348 1978 1407 instituisset
2022 1346 2220 1406 ‘omne
2264 1365 2483 1405 aevum

303 1434 494 1492 tribus
529 1431 826 1510 explicare
861 1431 1120 1491 chartis’.
1173 1431 1386 1512 quibus
1420 1431 1617 1490 verbis
1645 1431 1922 1491 chronica
1955 1431 2117 1491 illius
2152 1431 2479 1507 significari

302 1517 534 1598 pridem
569 1516 928 1576 intellectum
966 1525 1069 1575 est.
1136 1526 1314 1596 atque
1347 1516 1746 1595 Nipperdeius
1780 1518 1844 1575 in
1879 1515 2122 1594 praefat.
2159 1515 2297 1576 edit.
2335 1515 2489 1576 Cor-

303 1603 449 1663 nelii
483 1623 534 1661 a.
575 1602 737 1660 1849
773 1601 1108 1680 publicatae
1142 1621 1198 1679 p.
1235 1602 1406 1675 XVI,
1443 1621 1618 1680 quem
1655 1601 2000 1661 Schwabius
2034 1602 2257 1681 aliique
2291 1603 2484 1659 secuti

304 1694 457 1761 sunt,
493 1685 634 1746 inde
667 1687 960 1766 Nepotem
997 1687 1284 1746 conclusit
1316 1690 1381 1745 in
1416 1688 1558 1765 ipsis
1593 1687 1686 1744 his
1729 1687 2021 1746 chronicis
2058 1686 2281 1746 Catulli
2316 1705 2486 1745 men-

301 1776 525 1832 tionem
575 1770 799 1830 fecisse.
871 1779 934 1830 at
993 1773 1154 1831 omni
1214 1791 1344 1830 eam
1405 1773 1744 1849 opinionem
1803 1771 2218 1850 probabilitate
2279 1790 2487 1830 carere

303 1859 725 1918 existimamus.
794 1875 1005 1935 parum
1042 1859 1199 1915 enim
1234 1856 1599 1933 intellegitur
1636 1858 1739 1935 qui
1783 1856 1911 1915 fieri
1944 1859 2201 1934 potuerit
2233 1864 2301 1914 ut
2335 1856 2478 1916 Cor-

302 1944 496 2002 nelius
530 1943 594 2000 in
629 1960 801 2019 opere
838 1960 953 2020 quo
991 1961 1222 2000 omnem
1257 1960 1452 2000 rerum
1488 1942 1830 2000 memoriam
1865 1940 1942 1999 ab
1976 1940 2187 1999 ultima
2220 1942 2489 2019 antiqui-

301 2035 425 2086 tate
459 2027 673 2085 notatis
706 2025 1066 2105 temporibus
1101 2025 1360 2085 breviter
1393 2025 1715 2104 conplexus
1751 2033 1840 2084 est
1872 2056 1959 2065 —-
1994 2044 2067 2085 ex
2093 2024 2280 2083 tribus
2316 2027 2481 2083 enim.

300 2120 533 2171 tantum
568 2111 742 2170 modo
774 2110 942 2170 libris
979 2113 1308 2170 constitisse
1350 2117 1539 2168 totum
1582 2111 1709 2188 ipse
1753 2117 1842 2168 est
1878 2108 2147 2168 Catullus
2188 2111 2354 2169 testis
2389 2142 2476 2150 —

299 2205 536 2276 poetam
562 2196 997 2256 adulescentem
1016 2203 1193 2274 atque
1220 2194 1529 2272 aequalem
1556 2193 2034 2253 conlaudandum
2059 2195 2176 2254 sibi
2202 2202 2485 2254 sumeret-

299 2281 485 2342 verba
518 2289 715 2340 autem
749 2279 963 2358 quibus
1000 2279 1271 2339 Catullus
1303 2281 1504 2351 utitur,
1555 2280 1646 2338 ‘tu
1690 2278 1969 2338 solebas
2004 2280 2170 2339 Meas
2207 2299 2332 2338 esse
2367 2279 2478 2338 ali-

301 2365 446 2447 quid
479 2374 686 2444 putare
720 2383 913 2440 nugas
925 2364 956 2437 ⁹,
1011 2365 1096 2422 ita
1139 2372 1278 2423 sunt
1319 2371 1637 2443 conparata
1677 2372 1745 2423 ut
1788 2363 1865 2423 ad
1908 2364 2137 2444 aliquid
2177 2366 2372 2443 potius
2405 2367 2480 2423 in>

298 2469 569 2512 sermone
621 2470 656 2508 a
706 2450 940 2526 Nepote
1000 2448 1329 2508 dictitatum
1388 2456 1653 2528 spectare
1711 2448 2049 2523 videantur,
2111 2448 2291 2529 idque
2349 2451 2473 2508 iam

296 2534 664 2598 Ribbeckius
716 2533 755 2592 l.
801 2554 847 2594 c.
891 2553 950 2612 p.
997 2534 1078 2593 54
1130 2536 1375 2595 monuit.
1454 2553 1607 2614 quae
1660 2555 1793 2595 cum
1843 2537 1929 2595 ita
1973 2537 2113 2609 sint,
2168 2535 2480 2596 Catullum

299 2620 756 2683 existimandum
801 2627 888 2679 est
920 2628 1054 2698 post
1095 2619 1332 2681 laudem
1367 2640 1404 2679 a
1437 2619 1673 2699 Nepote
1714 2621 1828 2680 sibi
1870 2621 2151 2680 tributam
2196 2621 2482 2680 chronica

298 2705 563 2768 eiusdem
599 2725 721 2765 non
755 2724 1238 2764 commemorasse
1281 2706 1394 2764 nisi
1429 2713 1497 2763 ut
1532 2725 1667 2764 eum
1699 2707 1821 2764 iam
1858 2724 1891 2766 e
1925 2708 2067 2765 satis
2109 2705 2289 2782 longo
2326 2714 2470 2764 tem-

295 2811 440 2871 pore
472 2789 759 2850 benevole
795 2789 870 2849 de
903 2809 965 2849 se
1008 2799 1183 2869 poeta
1226 2790 1488 2849 iudicare
1533 2790 1896 2866 significaret
1939 2790 2293 2868 doctumque
2328 2792 2479 2848 ami--

299 2883 433 2937 cum
469 2884 671 2936 contra
706 2874 1043 2934 honorificis
1075 2876 1272 2936 verbis
1297 2882 1760 2953 prosequeretur.
1814 2873 2134 2934 dolendum
2159 2881 2247 2934 est
2272 2882 2482 2933 autem-

296 2963 557 3039 ignorari
593 2980 706 3040 quo
742 2980 898 3019 anno
926 2960 1202 3019 chronica
1237 2962 1355 3019 sint
1380 2958 1557 3033 edita,
1592 2960 1710 3017 nisi
1734 2959 1896 3037 quod
1922 2961 2178 3038 primum
2206 2959 2469 3019 Cornelii

297 3066 445 3126 opus
495 3045 677 3103 fuisse
736 3043 1121 3122 probabiliter
1182 3046 1470 3104 statuitur.
1550 3052 1807 3104 ceterum
1864 3046 1917 3104 is
1968 3045 2175 3123 quanti
2232 3053 2475 3122 poetam

293 3133 697 3191 Veronensem
733 3131 1127 3188 aestimaverit
1158 3129 1336 3188 hodie
1370 3148 1603 3208 quoque
1638 3147 1714 3188 ex
1747 3131 1877 3208 ipso
1913 3147 2267 3206 cognoscere
2309 3128 2466 3202 licet,

296 3217 400 3297 qui
442 3216 508 3274 in
550 3215 677 3292 vita
716 3211 904 3271 Attici
952 3215 1029 3270 12
1067 3216 1106 3272 4
1148 3213 1218 3272 L.
1263 3213 1484 3272 Iulium
1529 3213 1805 3273 Calidum
1851 3214 2007 3292 ‘post
2051 3213 2311 3273 Lucretii
2355 3214 2479 3275 Ca-

292 3300 547 3380 tullique
597 3296 867 3356 mortem’
922 3297 1105 3358 multo
1158 3299 1659 3375 elegantissimum
1708 3309 1942 3377 poetam
1993 3319 2162 3358 suam
2214 3307 2466 3360 aetatem

294 3386 501 3445 tulisse
536 3385 635 3442 ait.
699 3389 932 3461 praeter
966 3402 1013 3441 c.
1041 3383 1076 3441 1
1110 3386 1286 3443 etiam
1322 3383 1457 3456 CII,
1493 3386 1557 3442 in
1593 3404 1710 3463 quo
1742 3384 2009 3444 Catullus
2044 3383 2222 3443 fidem
2258 3387 2474 3445 secreti

297 3471 409 3530 sibi
463 3469 757 3528 commissi
806 3465 1244 3543 religiosissime
1296 3487 1357 3528 se
1411 3479 1802 3528 servaturum'
1840 3488 1967 3529 esse
2027 3468 2325 3542 adfirmat,
2387 3469 2479 3528 ad-

293 3556 594 3614 hominem
645 3555 884 3611 nomine
928 3551 1264 3611 Cornelium
1317 3556 1597 3633 scriptum
1650 3562 1752 3626 est,
1808 3573 1983 3634 quem
2033 3554 2186 3612 nihil
2234 3553 2479 3632 inpedit.

298 3642 442 3719 quin
478 3660 582 3718 pro
617 3637 825 3697 eodem
861 3639 1048 3696 amico
1084 3645 1143 3696 et
1175 3638 1447 3716 populari
1480 3646 1691 3716 poetae
1724 3637 2062 3697 habeamus.

422 3723 722 3782 Amicitiis
758 3721 980 3782 Catulli
1013 3724 1470 3802 inimicitiisque,
1506 3722 1705 3802 quoad
1740 3742 1815 3783 ex
1850 3725 1994 3801 ipsis
2030 3724 2156 3782 eius
2192 3724 2464 3781 carmini-

294 3808 406 3869 bus
453 3810 727 3886 cognosci
770 3814 1057 3886 poterant,
1112 3810 1397 3866 enarratis
1440 3827 1634 3886 pauca
1667 3807 1974 3887 quaedam,
2029 3825 2182 3886 quae
2223 3807 2476 3867 aliunde

297 3893 371 3953 de
404 3896 530 3953 vita
562 3901 770 3973 poetae
804 3891 1024 3950 tradita
1058 3899 1277 3964 extant,
1318 3913 1451 3952 cum
1487 3912 1628 3951 cura
1663 3894 2002 3951 examinare
2035 3892 2323 3951 volumus.

422 3978 736 4038 Suetonius
785 3978 900 4035 Iul.
953 3997 1001 4038 c.
1053 3978 1130 4035 73
1176 3980 1331 4036 inter
1381 3978 1499 4036 alia
1550 3977 1862 4056 placabilis
1913 3979 2142 4054 ingenii
2194 3977 2474 4037 Caesaris

295 4063 645 4123 documenta
689 4065 865 4124 etiam
918 4062 1028 4122 hoc
1081 4060 1298 4122 adfert:
1355 4062 1685 4123 ‘Valerium
1731 4061 2050 4135 Catullum,
2103 4083 2139 4121 a
2190 4083 2307 4143 quo
2350 4063 2467 4122 sibi

293 4148 598 4208 versiculis
635 4147 709 4206 de
734 4149 1036 4206 Mamurra
1069 4156 1352 4227 perpetua
1384 4151 1663 4225 stigmata
1696 4149 1956 4226 inposita
1980 4168 2100 4207 non
2136 4146 2468 4207 dissimula-

290 4241 478 4308 verat,
516 4236 657 4292 satis
682 4231 995 4292 facientem
1022 4233 1229 4293 eadem
1258 4233 1362 4292 die'
1379 4232 1651 4293 adhibuit
1678 4251 1859 4293 cenae
1886 4233 2256 4313 hospitioque
2278 4234 2474 4312 patris
