3225 5171
1171 451 1420 495 ADNOTA
1427 452 1529 495 1⁸10
1575 452 1820 496 ORITIOA
2412 449 2580 497 oxvn

531 571 710 635 XLV
745 573 782 631 8
804 591 846 630 s.
900 571 1057 629 hunc
1108 571 1302 631 locum
1355 573 1475 629 iam
1528 573 1774 651 antiquo
1818 577 2076 650 tempore
2119 579 2456 651 corruptum
2501 590 2578 631 ex
2681 570 2688 575 ’

404 678 462 717 v.
500 658 580 716 17
601 677 645 716 s.
691 657 847 717 male
891 664 1177 715 resartum
1220 675 1347 715 esse
1388 655 1604 715 iudico.
1684 656 1807 715 illic
1842 658 2000 715 enim
2033 657 2217 716 verba
2252 661 2484 716 sinistra
2516 667 2579 715 ut

407 752 536 800 ante
596 761 729 802 cum
780 743 1085 819 aptissima
1146 742 1289 812 sint,
1344 741 1442 799 hic
1486 741 1773 819 explicari
1824 741 2209 819 probabiliter
2260 750 2576 822 nequeunt.

407 826 578 887 doc-et
621 834 817 885 autem
850 847 906 884 v.
947 826 1045 899 17,
1091 832 1159 883 ιιι
1199 826 1347 884 mihi
1394 825 1635 904 quidem
1667 825 1920 899 videtur,
1958 826 2238 885 Amorem
2273 827 2579 905 Septumio

409 931 542 971 suos
587 930 728 988 erga
769 910 1030 989 puellam
1074 928 1279 970 sensus
1325 910 1663 970 declarante
1705 931 1742 969 a
1787 913 2024 971 sinistra
2072 919 2241 990 parte
2283 912 2577 971 adnuisse.

406 995 566 1056 unde
608 996 971 1073 intellegitur
1011 1015 1133 1054 non
1176 994 1351 1054 modo
1395 995 1580 1055 verba
1622 1005 1685 1053 ut
1735 1006 1865 1054 ante
1905 1016 1961 1055 v.
2000 998 2037 1056 8
2075 998 2305 1070 vitiosa,
2354 996 2457 1056 sed
2501 1016 2580 1055 ne

405 1081 761 1141 vocabulum
805 1082 1003 1138 dextra
1047 1080 1286 1158 quidem
1330 1101 1386 1139 v.
1425 1083 1461 1138 9
1507 1100 1718 1138 sanum
1762 1100 1901 1140 esse.
1971 1083 2171 1161 itaque
2214 1082 2307 1141 bis
2342 1084 2580 1159 sig-num

407 1168 597 1225 crucis
624 1166 886 1244 adposui.
959 1165 1203 1244 adparet
1230 1173 1426 1225 autem
1461 1174 1728 1226 amantes
1764 1167 1828 1224 in
1855 1185 1924 1225 eo
1952 1167 2113 1245 quod
2147 1166 2293 1226 deus
2325 1169 2577 1245 primum

408 1252 663 1322 sinistra,
712 1249 928 1310 deinde
963 1249 1188 1323 dextra,
1234 1251 1293 1310 h.
1332 1269 1380 1310 e.
1427 1252 1737 1330 utrimque,
1784 1250 2268 1330 adprobationem
2310 1253 2579 1324 sternuit,

408 1334 833 1399 faustissimum
864 1337 1056 1393 mutui
1090 1338 1302 1394 amoris
1340 1355 1511 1395 omen
1549 1336 1924 1412 adgnoscere.

533 1420 777 1480 XLVII
811 1421 848 1477 3
894 1422 1191 1479 Veraniolo
1225 1422 1298 1481 V.
1362 1424 1697 1481 Veranniolo
1734 1422 2051 1499 Hauptius.
2105 1420 2258 1481 conf.
2288 1419 2365 1480 ad
2392 1420 2492 1479 IX
2521 1422 2578 1479 1.

534 1505 658 1563 LII
695 1507 731 1563 3
760 1508 1015 1581 perierat
1052 1506 1124 1565 V.
1188 1509 1411 1580 peierat
1444 1505 1646 1583 vulgo,
1684 1514 1744 1565 et
1778 1508 1862 1565 sic
1896 1507 2212 1584 Hauptius.

533 1589 692 1649 LIII
729 1590 764 1647 5
801 1592 1140 1665 salaputium
1172 1590 1372 1667 vulgo,
1418 1590 1576 1670 quod
1611 1611 1745 1650 cum
1779 1592 2043 1670 Hauptio
2078 1594 2330 1663 servavi,
2377 1610 2579 1670 quam-

408 1693 585 1752 quam
631 1674 790 1753 apud
824 1674 1109 1733 Senecam
1154 1683 1414 1735 controv.
1448 1676 1575 1735 VII
1612 1678 1652 1734 4
1688 1674 1839 1752 (19),
1886 1697 1944 1755 p.
1985 1678 2105 1735 332
2141 1675 2383 1747 Kiessl.,
2419 1675 2578 1734 unde

405 1758 687 1823 librorum
723 1759 1189 1819 Catullianorum
1235 1760 1645 1838 depravationi
1688 1762 1978 1819 auxilium
2011 1763 2194 1835 venit,
2241 1763 2448 1840 optimi
2483 1781 2577 1819 co-

409 1843 568 1903 dices
622 1848 985 1919 salaputtium
1034 1845 1334 1924 praebent.
1415 1845 1520 1904 sed
1564 1845 1716 1903 conf.
1753 1845 1819 1906 O.
1855 1845 1905 1903 Ι.
1941 1846 2009 1904 L.
2046 1846 2222 1919 VIII,
2266 1867 2324 1906 n.
2365 1846 2575 1904 10570

411 1936 555 1988 extr.
593 1937 652 1988 et
683 1925 1110 1989 Bu'echelerum
1144 1950 1289 1989 mua
1328 1930 1517 1989 Rhen.
1554 1929 1870 1990 XXXVII
1906 1930 2028 1987 529
2049 1949 2093 1988 s.

534 2013 680 2075 LIV
717 2018 749 2071 1
793 2014 987 2073 Otonis
1020 2015 1094 2075 V.
1151 2013 1381 2072 Othonis
1415 2015 1734 2092 Hauptius.
1760 2046 1844 2055 -
1874 2024 1954 2071 est
1989 2022 2121 2091 post
2154 2016 2361 2091 oppido
2399 2016 2576 2093 scrip-

407 2105 536 2156 tum
576 2102 642 2157 in
677 2101 750 2172 V,
778 2098 955 2179 'quod
998 2101 1259 2158 servavit
1300 2099 1618 2176 HauptiuS,
1676 2119 1809 2157 cum
1844 2098 2145 2175 Scaligero
2187 2100 2434 2178 aliisque
2477 2098 2575 2159 de·

406 2183 542 2242 levi.
577 2216 665 2225 —
700 2186 737 2241 2
775 2195 825 2243 et
860 2186 944 2242 eri
985 2181 1061 2258 (et
1099 2186 1181 2240 eri
1212 2203 1347 2242 sscr.
1384 2184 1419 2239 h
1457 2182 1538 2260 Gr)
1573 2184 1649 2257 V,
1695 2183 1852 2263 quod
1897 2183 2100 2242 addita
2133 2203 2302 2243 cruce
2337 2185 2573 2258 retinui,

404 2270 662 2348 itemque
696 2269 1016 2346 Hauptius,
1054 2269 1171 2326 nisi
1206 2267 1364 2346 quod
1391 2278 1442 2324 et
1476 2270 1596 2325 heri
1630 2287 1705 2327 ex
1733 2285 1769 2334 ς
1793 2271 2027 2348 recepit.
2079 2276 2145 2328 ut
2173 2270 2330 2328 enim
2356 2288 2575 2328 nomen

402 2356 707 2432 proprium
742 2353 837 2411 hic
869 2353 1054 2411 latere
1088 2373 1193 2431 pro
1230 2360 1385 2411 certo
1422 2360 1614 2431 potest
1646 2353 1867 2426 haberi,
1904 2356 1989 2412 ita
2024 2356 2212 2413 omnis
2248 2355 2374 2413 eius
2409 2355 2574 2413 resti-

402 2437 610 2499 tuendi
654 2445 899 2498 conatus
950 2440 1015 2496 in
1059 2444 1225 2496 tanta
1268 2438 1624 2497 obscuritate
1676 2440 1870 2498 inanis
1915 2446 2017 2498 est.
2053 2471 2141 2480 —
2175 2440 2213 2496 3
2248 2440 2492 2498 lacunas
2536 2459 2574 2498 a

402 2522 790 2582 Lachmanno
824 2530 884 2583 et
917 2523 1182 2602 Hauptio
1219 2530 1350 2601 post
1383 2523 1541 2582 hunc
1565 2543 1800 2583 versum
1835 2531 1894 2583 et
1926 2532 2063 2584 ante
2100 2532 2389 2584 extremos
2426 2524 2575 2584 duos

403 2609 696 2668 indicatas
750 2616 953 2669 contra
1004 2628 1103 2668 eos
1148 2611 1250 2687 qui
1293 2616 1396 2667 aut
1445 2609 1519 2668 de
1562 2611 1795 2687 integro
1840 2613 2100 2669 carmine
2152 2613 2417 2687 cogitant
2468 2619 2573 2669 aut

404 2693 739 2771 fragmenta
773 2695 944 2754 aliter
978 2693 1345 2773 disponenda
1379 2713 1508 2754 esse
1543 2695 1902 2753 arbitrantur
1936 2695 2114 2772 plane
2139 2694 2419 2773 adprob0,
2454 2698 2573 2754 nisi

405 2779 563 2858 quod
598 2781 790 2859 priore
821 2780 951 2840 loco
984 2780 1119 2858 plus
1145 2800 1264 2838 uno
1291 2779 1789 2858 hendecasyllabo
1821 2778 2108 2839 excidisse
2139 2781 2285 2838 mihi
2318 2779 2571 2853 videtur,

404 2863 467 2921 id
511 2865 670 2944 quod
722 2864 946 2945 duplici
995 2873 1347 2943 punctorum
1391 2863 1596 2924 ordine
1646 2864 1993 2939 significavi.
2082 2864 2572 2942 conpellationem

406 2949 676 3012 Caesaris
711 2952 1070 3010 continuisse
1103 2969 1307 3009 versus
1343 2949 1440 3007 hic
1476 2950 1717 3007 amissos
1752 2955 2020 3026 apertum
2055 2955 2159 3007 est.

531 3034 645 3092 LV
680 3035 720 3090 2
754 3038 1090 3093 demonstres
1115 3036 1191 3093 V.
1261 3035 1563 3091 demostres
1598 3053 1674 3092 ex
1698 3033 1811 3091 DL
1837 3032 2256 3093 Lachmannus
2284 3013 2341 3093 et
2364 3034 2571 3112 Haup-

403 3118 536 3177 tius.
574 3150 658 3160 —
693 3119 733 3176 4
768 3121 968 3178 libellis
1003 3140 1208 3178 sanum
1243 3137 1372 3178 esse
1404 3120 1510 3176 vix
1545 3117 1807 3176 adducor
1831 3126 1897 3176 ut
1923 3117 2169 3177 credam.
2240 3118 2399 3198 quod
2435 3139 2570 3179 cum

402 3223 526 3263 non
575 3201 848 3262 videatur
895 3206 1011 3262 nisi
1062 3203 1136 3263 de
1188 3203 1449 3262 tabernis
1499 3202 1755 3261 librariis
1808 3222 1978 3282 posse
2027 3202 2295 3280 intellegi
2347 3203 2568 3280 (Ellisii

404 3295 560 3347 certe
610 3287 783 3347 aliter
832 3286 895 3346 id
956 3287 1294 3365 explicandi
1354 3295 1597 3346 conatus
1658 3286 2145 3365 infelicissimus),
2208 3296 2432 3359 tamen,
2493 3310 2570 3349 ne

402 3372 610 3433 eodem
660 3372 833 3432 modo
885 3393 1001 3452 quo
1046 3372 1407 3432 Graecorum
1448 3368 1508 3430 ἐν
1553 3378 1676 3440 τοῖς
1722 3367 1914 3450 ἰχθύσι
1969 3383 2026 3434 et
2078 3374 2295 3432 similia
2348 3373 2569 3433 dictum

400 3466 689 3537 putemne,
743 3457 1009 3517 additum
1044 3459 1288 3515 omnibus
1331 3456 1573 3535 inpedit.
1607 3488 1693 3498 —
1730 3459 1766 3516 9
1805 3480 1842 3516 a
1873 3458 1946 3516 V.
2026 3460 2098 3516 ah
2131 3459 2447 3538 HauptiuS.
2482 3489 2569 3500 —-

405 3544 478 3605 de
511 3544 739 3603 voculis
775 3547 862 3601 vel
895 3547 975 3601 sic
1007 3544 1355 3621 pronomine
1389 3546 1672 3622 separatis
1708 3542 1860 3603 conf.
1896 3544 2110 3602 Munro
2145 3545 2269 3603 crit.
2309 3545 2447 3602 130.
2482 3576 2566 3586 --

404 3630 481 3690 11
519 3631 690 3687 reduc
721 3630 794 3689 V.
883 3630 1081 3686 reduce
1120 3627 1541 3687 Lachmannus
1583 3628 2001 3708 Hauptiusque
2046 3648 2120 3688 ex
2162 3629 2238 3687 D.
2310 3636 2568 3688 ceterum

403 3735 534 3776 cum
585 3714 807 3774 eisdem
857 3714 933 3773 ab
986 3712 1281 3791 explenda
1332 3732 1536 3773 versus
1595 3713 1812 3772 lacuna
1864 3714 2102 3772 omnino
2154 3712 2568 3775 abstinendum

400 3801 624 3878 putavi.
658 3831 746 3840 —
790 3800 870 3857 14
906 3798 982 3857 ab
1017 3798 1284 3877 Hauptio
1321 3818 1454 3856 cum
1486 3797 1871 3857 Lachmanno
1914 3806 2048 3877 post
2087 3819 2143 3858 v.
2184 3800 2264 3857 32
2302 3798 2567 3859 conloca·

400 3894 525 3944 tum
569 3904 675 3944 suo
716 3884 846 3945 loco
889 3883 1137 3944 reddidi.
1233 3901 1427 3961 neque
1470 3886 1629 3941 enim
1673 3882 1875 3942 decem
1918 3882 2051 3943 illos
2091 3903 2296 3943 versus
2348 3886 2450 3964 qui
2501 3887 2567 3945 in

403 3969 703 4028 codicibus
737 3972 986 4028 carmini
1019 3967 1231 4028 LVIII
1267 3966 1591 4026 adhaerent
1626 3975 1758 4046 post
1791 3989 1848 4026 v.
1891 3969 1986 4043 13,
2021 3977 2089 4027 ut
2121 3967 2303 4047 vulgo
2339 3970 2424 4043 fit,
2462 3969 2566 4031 sed

404 4074 536 4116 cum
573 4054 883 4115 Schwabio
917 4062 1051 4134 post
1090 4055 1168 4111 14
1203 4052 1439 4112 demum
1474 4052 1817 4118 inserendos
1855 4072 2080 4115 cense0.
2150 4073 2353 4115 versus
2391 4057 2470 4114 32
2508 4063 2568 4115 et

405 4140 486 4199 14
520 4158 642 4198 non
676 4138 858 4200 fuisse
903 4142 1211 4200 continuos
1263 4137 1511 4198 molesta
1552 4137 1870 4197 admodum
1913 4158 2065 4219 quae
2109 4142 2436 4200 coniunctis
2481 4143 2567 4200 eis

400 4226 587 4292 oritur
619 4226 893 4286 vocabuli
936 4228 1106 4285 amice
1146 4225 1416 4304 repetitio
1462 4223 1650 4298 docet,
1698 4223 1867 4284 docet
1913 4226 2091 4284 etiam
2134 4227 2568 4304 ingratissimus
