3225 5171
723 431 852 473 XCII
1591 428 2047 472 PROLBGOMENA

724 551 949 609 Birtius
992 566 1226 628 quoque
1265 567 1322 625 p.
1359 546 1483 605 408
1532 546 1608 606 ad
1653 555 1999 624 argumenta
2043 549 2368 605 carminum
2419 545 2770 606 rettulerunt
2816 544 2905 622 (et

726 637 981 714 praeivit
1015 636 1079 691 in
1114 633 1227 690 hoc
1262 651 1455 691 errore
1489 635 1609 690 iam
1643 631 1946 692 Ausonius
1981 632 2228 704 XXIII,
2266 652 2320 689 v.
2354 634 2384 687 1
2412 651 2483 690 ss.
2521 639 2581 690 et
2613 631 2836 692 XXVI
2865 635 2899 689 1

729 719 822 780 ed.
877 717 1246 794 Schenkel.):
1299 737 1421 775 non
1471 724 1666 796 potest
1718 720 1877 777 enim
1928 719 2046 775 nisi
2096 715 2174 775 ad
2224 714 2476 775 formam
2528 718 2904 796 speciemque

725 803 919 864 libelli
945 810 1226 881 spectare,
1261 801 1326 860 id
1362 801 1522 881 quod
1546 805 1751 861 vicina
1776 801 1960 861 verba
1986 821 2181 859 novum
2208 808 2268 860 et
2294 803 2462 858 arida
2494 803 2654 858 modo
2682 805 2909 877 pumice

730 892 1026 965 expolitum
1071 881 1395 953 ἁσυνδέτως
1437 886 1675 946 adnexa
1717 887 2136 946 demonstrant.
2207 905 2319 945 nec
2364 886 2596 946 deceret
2638 885 2904 964 profecto

731 973 1033 1034 Catullum
1084 977 1150 1031 in
1200 972 1308 1030 tali
1361 976 1622 1032 carmine
1673 971 1799 1031 ulla
1850 972 1923 1031 de
1974 975 2138 1049 poesi
2182 991 2288 1030 sua
2331 971 2713 1050 praedicatio.
2784 972 2908 1030 huc

726 1058 958 1118 accedit
999 1057 1158 1137 quod
1200 1065 1374 1136 poeta
1414 1059 1593 1116 istum
1639 1057 1905 1116 libellum
1949 1057 2082 1116 ideo
2130 1076 2191 1115 se
2227 1055 2504 1116 Cornelio
2541 1055 2762 1115 donare
2799 1059 2904 1129 ait,

731 1148 872 1224 quia
903 1147 956 1202 is
994 1143 1235 1218 ‘nugas'
1274 1161 1410 1201 suas
1435 1142 1665 1220 pridem
1692 1141 2123 1220 adprobaverit,
2162 1140 2321 1199 unde
2349 1141 2627 1218 colligere
2661 1140 2801 1200 licet
2835 1145 2903 1199 in

728 1229 1031 1289 volumine
1066 1228 1288 1306 Nepoti
1333 1226 1525 1285 dicato
1570 1248 1692 1285 non
1734 1225 1920 1286 fuisse
1962 1230 2080 1285 nisi
2122 1230 2353 1284 minora
2383 1234 2661 1304 poemata
2692 1226 2902 1305 lyrica,

731 1313 933 1394 qualia
966 1316 1198 1390 saepius
1233 1331 1525 1387 nugarum
1561 1315 1688 1371 sive
1721 1314 2077 1391 ineptiarum
2121 1314 2359 1370 nomine
2394 1311 2705 1388 designata
2739 1310 2904 1371 vide-

725 1419 875 1458 mus.
948 1399 1101 1457 conf.
1142 1418 1187 1456 c.
1223 1392 1419 1457 X1V²
1456 1400 1486 1453 1
1538 1404 1596 1455 et
1630 1397 1879 1456 Ellisius
1915 1404 2222 1455 comment.
2260 1416 2318 1474 p.
2348 1396 2387 1453 4
2425 1404 2485 1455 et
2510 1397 2591 1455 43
2611 1416 2656 1455 s,
2692 1417 2903 1474 parum

731 1488 890 1543 enim
925 1485 1050 1541 eius
1087 1481 1249 1540 modi
1286 1481 1602 1559 appellatio
1638 1485 1704 1540 in
1729 1484 1953 1540 maiora
1985 1481 2093 1539 illa
2120 1484 2381 1539 carmina
2407 1481 2722 1559 quadraret
2749 1500 2904 1560 quae

727 1571 794 1627 in
831 1569 1191 1628 Graecorum
1234 1574 1540 1644 poetarum
1585 1570 1959 1645 maximeque
1995 1564 2538 1625 Alexandrinorum
2573 1568 2905 1624 imitatione

728 1656 922 1732 posita
957 1651 1191 1712 Catullo
1231 1651 1439 1711 ‘docti’
1479 1652 1781 1731 epitheton
1810 1652 2199 1710 conciliavere
2227 1650 2405 1726 (conf.
2438 1648 2688 1709 Ovidius
2717 1671 2900 1711 amor.

729 1739 832 1798 ΠΙ
871 1739 906 1795 9
946 1739 1043 1795 62.
1081 1736 1429 1814 Lygdamus
1461 1737 1554 1796 VI
1589 1739 1691 1794 41.
1736 1737 2026 1795 Martialis
2062 1736 2219 1795 VIII
2258 1737 2337 1793 73
2374 1738 2429 1795 8.
2466 1735 2621 1796 XIV
2657 1736 2779 1793 152
2818 1733 2903 1810 1).

731 1823 891 1903 quod
942 1821 1182 1902 quidem
1235 1829 1646 1899 argumentum
1700 1824 1810 1881 etsi
1871 1815 2245 1880 concedimus
2305 1840 2412 1898 per
2460 1840 2523 1880 se
2586 1841 2707 1879 non
2758 1823 2906 1879 satis

730 1903 963 1966 firmum
1009 1926 1135 1966 esse
1179 1915 1488 1985 propterea
1523 1909 1663 1986 quia
1703 1912 1879 1984 poeta
1920 1910 1988 1964 111
2038 1909 2167 1964 istis
2210 1907 2556 1984 praesertim
2596 1905 2907 1965 versiculis

730 1993 1053 2052 modestiae
1104 1991 1300 2070 plenis
1353 1995 1552 2051 omnia
1603 1993 1842 2050 omnino
1898 2011 2003 2049 sua
2055 2010 2198 2070 prae
2252 1989 2437 2049 doctis
2483 1997 2542 2050 et
2589 1989 2905 2050 laboriosis

728 2097 925 2138 rerum
969 2077 1266 2155 scriptoris
1312 2077 1585 2155 operibus
1629 2096 1821 2153 nugas
1857 2075 2052 2135 dicere
2087 2085 2242 2135 certe
2277 2077 2483 2154 potuit,
2528 2084 2728 2136 tamen
2766 2096 2905 2135 con-

728 2165 996 2222 iunctum
1041 2182 1173 2220 cum
1207 2161 1451 2240 reliquis
1494 2181 1570 2220 ne
1605 2161 1717 2220 1100
1752 2160 1992 2241 quidem
2036 2181 2140 2220 suo
2178 2179 2375 2220 carere
2409 2161 2669 2239 pondere
2705 2162 2904 2220 existi-

733 2269 976 2307 mamus.
1049 2249 1284 2325 iamque
1317 2246 1563 2323 vulgata
1598 2249 1797 2325 opinio
1833 2249 1975 2306 satis
2013 2245 2204 2304 videri
2246 2248 2431 2324 possit
2463 2245 2721 2305 refutata
2756 2264 2901 2307 esse.

729 2332 919 2391 nihilo
954 2335 1149 2390 minus
1184 2330 1477 2410 quaedam
1511 2331 1778 2390 subicere
1811 2331 1957 2391 libet
1984 2331 2196 2410 quibus
2223 2350 2375 2410 quae
2411 2330 2603 2390 adhuc
2639 2330 2902 2411 disputa-

731 2420 926 2476 vimus
963 2415 1206 2474 aliunde
1242 2415 1679 2475 confirmentur.
1750 2416 2039 2475 faciamus
2074 2424 2263 2475 totum
2300 2436 2507 2494 corpus
2543 2415 2705 2495 quod
2739 2423 2904 2475 extat

732 2521 854 2560 una
898 2500 1122 2560 editum
1159 2509 1218 2559 et
1254 2500 1530 2560 Cornelio
1577 2501 1926 2579 inscriptum
1963 2520 2116 2560 esse:
2162 2509 2318 2560 certe
2360 2501 2510 2560 haec
2545 2500 2727 2560 editio
2764 2508 2903 2561 ante

733 2608 955 2646 annum
1002 2580 1146 2662 70οΙ
1150 2587 1229 2643 54
1274 2585 1509 2665 prodire
1552 2607 1674 2645 non
1716 2590 1925 2665 potuit,
1972 2590 2252 2666 quoniam
2298 2585 2579 2665 conplura
2623 2589 2902 2660 carmina,

732 2681 799 2731 ut
833 2692 1012 2751 supra
1045 2672 1320 2744 vidimus,
1357 2673 1467 2730 isto
1504 2670 1742 2731 demum
1779 2692 1934 2730 anno
1972 2674 2187 2750 scripta
2221 2678 2372 2730 sunt.
2444 2679 2506 2729 at
2538 2691 2738 2731 nonne
2770 2691 2905 2749 pei·-

732 2760 946 2816 mirum
981 2756 1217 2816 videtur
1259 2764 1494 2834 poetam
1526 2763 1651 2815 tam
1686 2776 1832 2828 sero,
1880 2756 1988 2816 sub
2025 2764 2351 2815 extremum
2386 2758 2546 2816 vitae
2582 2775 2723 2816 suae
2757 2764 2902 2815 tem-

731 2863 860 2921 11110,
898 2845 1159 2901 animum
1194 2842 1501 2900 induxisse
1533 2850 1600 2899 ut
1636 2844 1898 2900 carmina
1933 2862 2039 2900 sua
2063 2841 2423 2919 bibliopolae
2447 2839 2744 2901 traderet?
2796 2840 2901 2901 sed

732 2928 979 2987 fortasse
1015 2930 1310 3006 quispiam
1345 2925 1564 2985 dixerit
1597 2926 1914 3000 Catullum,
1961 2947 2093 2986 cum
2128 2925 2365 3003 singula
2399 2946 2667 3006 quaeque
2703 2928 2902 2985 statim

731 3014 838 3073 ubi
872 3016 1177 3090 conposita
1210 3019 1405 3071 essent
1435 3015 1717 3089 privatim
1745 3011 2113 3088 divulganda
2139 3019 2382 3083 curaret,
2421 3014 2561 3070 satis
2588 3014 2675 3071 sic
2709 3011 2903 3071 famae

735 3117 875 3157 suae
927 3097 1290 3155 consuluisse
1339 3095 1590 3176 ideoque
1642 3117 1762 3156 non
1813 3096 2092 3155 habuisse
2137 3116 2239 3154 cur
2280 3095 2513 3155 libellos
2563 3100 2676 3155 rite
2728 3095 2901 3156 edere

731 3189 898 3240 tanto
953 3200 1126 3260 opere
1177 3182 1498 3240 festinaret.
1586 3189 1646 3240 et
1698 3200 1841 3241 sane
1891 3200 2099 3241 verum
2151 3189 2240 3240 est
2291 3202 2424 3240 cum
2474 3180 2594 3239 alia
2634 3189 2902 3241 veterum

734 3266 1016 3345 opuscula
1049 3275 1174 3323 tum
1208 3268 1467 3324 maxime
1501 3274 1790 3343 poemata,
1828 3265 2064 3345 quando
2090 3268 2195 3325 vix
2220 3266 2490 3325 absoluta
2515 3268 2719 3325 amicis
2746 3266 2902 3326 tradi

733 3351 987 3409 solerent
1021 3349 1291 3426 legenda,
1329 3352 1670 3429 priusquam
1704 3370 1811 3428 per
1842 3351 2195 3430 bibliopolas
2230 3351 2555 3423 ederentur,
2594 3350 2903 3430 descriptis

731 3436 828 3493 hic
863 3433 988 3493 illic
1022 3435 1308 3513 exemplis
1344 3438 1408 3494 in
1442 3436 1760 3494 multorum
1795 3450 1971 3513 saepe
2005 3436 2309 3495 hominum
2344 3438 2618 3496 notitiam
2649 3439 2900 3509 venisse,

734 3542 853 3602 qua
889 3520 961 3580 de
995 3540 1059 3580 re
1093 3521 1210 3579 vid.
1239 3522 1538 3580 Brunerus
1563 3542 1623 3599 p.
1654 3521 1774 3579 605
1815 3529 1873 3579 et
1898 3522 2121 3580 Birtius
2146 3543 2201 3600 p.
2232 3522 2374 3592 346,
2411 3524 2515 3599 qui
2546 3520 2707 3580 locos
2734 3542 2903 3601 quos·

732 3606 869 3665 dam
905 3605 1123 3666 Galeni
1157 3606 1235 3665 ad
1269 3625 1400 3665 eam
1435 3625 1558 3665 rem
1591 3609 1659 3665 in
1692 3608 1897 3685 primis
1934 3613 2101 3685 aptos
2138 3602 2277 3681 (vol.
2312 3605 2492 3678 XIX,
2527 3626 2586 3684 p.
2628 3607 2722 3664 10.
2753 3606 2830 3664 51
2854 3626 2900 3666 s.

734 3692 814 3750 56
835 3691 941 3768 Κ.)
969 3694 1249 3770 excripsit
1283 3688 1461 3767 (conf.
1490 3695 1664 3750 etiam
1703 3690 1863 3750 idem
1888 3692 2111 3751 Birtius
2143 3712 2199 3769 p.
2223 3692 2344 3750 282
2364 3712 2407 3751 s.
2448 3699 2506 3751 et
2540 3693 2612 3751 E.
2631 3690 2906 3750 Rohdius

731 3776 891 3836 Gett.
930 3777 1041 3854 gel.
1079 3776 1230 3836 Anz.
1268 3797 1318 3835 a.
1359 3777 1540 3847 1882,
1577 3798 1635 3855 p.
1674 3777 1882 3853 1560).
1952 3795 2063 3836 1100
2099 3776 2357 3836 dubitari
2401 3784 2594 3855 potest
2638 3779 2785 3856 quin
2830 3795 2899 3836 eo

730 3861 904 3921 modo
939 3882 1158 3939 magna
1193 3882 1328 3941 pars
1399 3861 1868 3922 Catullianorum
1904 3864 2227 3920 carminum
2270 3864 2525 3941 primum
2561 3864 2902 3921 innotuerit.

728 3945 915 4005 veluti
967 3947 1204 4023 singula
1255 3950 1682 4026 epigrammata
1742 3954 1946 4007 contra
2000 3947 2262 4005 aemulos
2312 3949 2377 4005 in
2429 3965 2628 4006 amore
2685 3949 2906 4025 scripta

730 4039 907 4111 atque
941 4050 1011 4090 ea
1046 4051 1199 4110 quae
1235 4031 1313 4089 ad
1344 4051 1469 4091 rem
1503 4032 1802 4111 publicam
1836 4034 2135 4110 pertinent
2159 4052 2279 4090 non
2314 4033 2378 4090 in
2406 4034 2637 4091 scriniis
2671 4038 2903 4091 retenta

730 4135 857 4176 esse
900 4136 937 4174 a
979 4125 1168 4195 poeta,
1208 4116 1394 4176 donec
1454 4120 1518 4175 in
1562 4136 1747 4175 unum
1801 4117 2047 4176 collecta
2089 4116 2450 4195 bibliopolae
2493 4115 2651 4175 tradi
2697 4117 2906 4176 liceret

730 4200 1114 4277 venditanda,
1153 4202 1256 4263 sed
1290 4202 1426 4261 ilico
1463 4201 1772 4279 divulgata
1806 4220 1932 4262 esse
1964 4221 2073 4281 per
2107 4221 2169 4261 se
2191 4201 2581 4280 intellegitur,
2617 4220 2729 4270 nec
2756 4201 2906 4262 an-
