<?xml version="1.0" encoding="UTF-8"?>
<!DOCTYPE html PUBLIC "-//W3C//DTD XHTML 1.0 Transitional//EN"
    "http://www.w3.org/TR/xhtml1/DTD/xhtml1-transitional.dtd">
<html xmlns="http://www.w3.org/1999/xhtml" xml:lang="en" lang="en">
 <head>
  <title>
</title>
<meta http-equiv="Content-Type" content="text/html;charset=utf-8" />
  <meta name='ocr-system' content='tesseract 3.04.00' />
  <meta name='ocr-capabilities' content='ocr_page ocr_carea ocr_par ocr_line ocrx_word'/>
</head>
<body>
  <div class='ocr_page' id='page_1' title='image "./cvalericatulliv00schmgoog_0206.png"; bbox 0 0 3225 5171; ppageno 0'>
   <div class='ocr_carea' id='block_1_1' title="bbox 839 409 2037 482">
    <p class='ocr_par' dir='ltr' id='par_1_1' title="bbox 839 409 2037 482">
     <span class='ocr_line' id='line_1_1' title="bbox 839 409 2037 482; baseline 0.006 -7"><span class='ocrx_word' id='word_1_1' title='bbox 839 409 926 476; x_wconf 80' lang='grc'><strong>62</strong></span> <span class='ocrx_word' id='word_1_2' title='bbox 1700 424 2037 482; x_wconf 88' lang='lat' dir='ltr'>CATULLI</span> 
     </span>
    </p>
   </div>
   <div class='ocr_carea' id='block_1_2' title="bbox 1693 615 2029 680">
    <p class='ocr_par' dir='ltr' id='par_1_2' title="bbox 1693 615 2029 680">
     <span class='ocr_line' id='line_1_2' title="bbox 1693 615 2029 680; baseline 0 0"><span class='ocrx_word' id='word_1_3' title='bbox 1693 615 2029 680; x_wconf 90' lang='lat' dir='ltr'>LXXIII.</span> 
     </span>
    </p>
   </div>
   <div class='ocr_carea' id='block_1_3' title="bbox 766 734 2892 1288">
    <p class='ocr_par' dir='ltr' id='par_1_3' title="bbox 766 734 2892 1288">
     <span class='ocr_line' id='line_1_3' title="bbox 839 734 2595 817; baseline 0.002 -20"><span class='ocrx_word' id='word_1_4' title='bbox 839 734 1081 798; x_wconf 84' lang='lat' dir='ltr'>Desine</span> <span class='ocrx_word' id='word_1_5' title='bbox 1117 734 1196 798; x_wconf 92' lang='lat' dir='ltr'><strong>de</strong></span> <span class='ocrx_word' id='word_1_6' title='bbox 1224 755 1554 817; x_wconf 42' lang='lat' dir='ltr'><strong>*quoquam</strong></span> <span class='ocrx_word' id='word_1_7' title='bbox 1589 734 1933 817; x_wconf 87' lang='lat' dir='ltr'><strong>quicquam</strong></span> <span class='ocrx_word' id='word_1_8' title='bbox 1968 735 2133 800; x_wconf 88' lang='lat' dir='ltr'><strong>bene</strong></span> <span class='ocrx_word' id='word_1_9' title='bbox 2168 736 2331 803; x_wconf 87' lang='lat' dir='ltr'><strong>velle</strong></span> <span class='ocrx_word' id='word_1_10' title='bbox 2366 737 2595 804; x_wconf 91' lang='lat' dir='ltr'><strong>mereri</strong></span> 
     </span>
     <span class='ocr_line' id='line_1_4' title="bbox 923 828 2228 914; baseline 0.002 -22"><span class='ocrx_word' id='word_1_11' title='bbox 923 841 1033 892; x_wconf 86' lang='lat' dir='ltr'><strong>aut</strong></span> <span class='ocrx_word' id='word_1_12' title='bbox 1067 828 1339 911; x_wconf 85' lang='lat' dir='ltr'>aliquem</span> <span class='ocrx_word' id='word_1_13' title='bbox 1378 829 1513 893; x_wconf 90' lang='lat' dir='ltr'><strong>fieri</strong></span> <span class='ocrx_word' id='word_1_14' title='bbox 1548 850 1737 913; x_wconf 89' lang='lat' dir='ltr'><strong>posse</strong></span> <span class='ocrx_word' id='word_1_15' title='bbox 1773 839 1996 913; x_wconf 86' lang='lat' dir='ltr'><strong>putare</strong></span> <span class='ocrx_word' id='word_1_16' title='bbox 2032 830 2228 914; x_wconf 90' lang='lat' dir='ltr'><strong>pium.</strong></span> 
     </span>
     <span class='ocr_line' id='line_1_5' title="bbox 838 922 2300 1008; baseline 0.003 -23"><span class='ocrx_word' id='word_1_17' title='bbox 838 922 1050 986; x_wconf 81' lang='lat' dir='ltr'><strong>omnia.</strong></span> <span class='ocrx_word' id='word_1_18' title='bbox 1070 933 1231 986; x_wconf 84' lang='lat' dir='ltr'><strong>sunt</strong></span> <span class='ocrx_word' id='word_1_19' title='bbox 1263 923 1537 1007; x_wconf 84' lang='lat' dir='ltr'><strong>ingrata,</strong></span> <span class='ocrx_word' id='word_1_20' title='bbox 1569 922 1728 988; x_wconf 85' lang='lat' dir='ltr'><strong>nihil</strong></span> <span class='ocrx_word' id='word_1_21' title='bbox 1763 922 1988 989; x_wconf 86' lang='lat' dir='ltr'><strong>fecisse</strong></span> <span class='ocrx_word' id='word_1_22' title='bbox 2022 923 2300 1008; x_wconf 86' lang='lat' dir='ltr'><strong>benigne</strong></span> 
     </span>
     <span class='ocr_line' id='line_1_6' title="bbox 920 1015 2589 1103; baseline 0.004 -25"><span class='ocrx_word' id='word_1_23' title='bbox 920 1015 1048 1079; x_wconf 89' lang='lat' dir='ltr'><strong>iam</strong></span> <span class='ocrx_word' id='word_1_24' title='bbox 1082 1015 1286 1079; x_wconf 84' lang='lat' dir='ltr'><strong>iuvat:</strong></span> <span class='ocrx_word' id='word_1_25' title='bbox 1322 1017 1514 1081; x_wconf 89' lang='lat' dir='ltr'><strong>immo</strong></span> <span class='ocrx_word' id='word_1_26' title='bbox 1552 1017 1744 1081; x_wconf 90' lang='lat' dir='ltr'><strong>etiam</strong></span> <span class='ocrx_word' id='word_1_27' title='bbox 1779 1017 1991 1080; x_wconf 86' lang='lat' dir='ltr'><strong>taedet</strong></span> <span class='ocrx_word' id='word_1_28' title='bbox 2024 1017 2329 1100; x_wconf 89' lang='lat' dir='ltr'><strong>obestque</strong></span> <span class='ocrx_word' id='word_1_29' title='bbox 2363 1018 2589 1103; x_wconf 81' lang='lat' dir='ltr'><strong>magis,</strong></span> 
     </span>
     <span class='ocr_line' id='line_1_7' title="bbox 766 1109 2692 1195; baseline -0.002 -17"><span class='ocrx_word' id='word_1_30' title='bbox 766 1125 802 1178; x_wconf 99' lang='lat'>5</span> <span class='ocrx_word' id='word_1_31' title='bbox 836 1118 909 1173; x_wconf 88' lang='lat' dir='ltr'><strong>ut</strong></span> <span class='ocrx_word' id='word_1_32' title='bbox 940 1109 1115 1183; x_wconf 87' lang='lat' dir='ltr'><strong>mihi,</strong></span> <span class='ocrx_word' id='word_1_33' title='bbox 1151 1130 1344 1190; x_wconf 88' lang='lat' dir='ltr'><strong>quem</strong></span> <span class='ocrx_word' id='word_1_34' title='bbox 1376 1132 1563 1175; x_wconf 91' lang='lat' dir='ltr'><strong>nemo</strong></span> <span class='ocrx_word' id='word_1_35' title='bbox 1600 1110 1857 1194; x_wconf 82' lang='lat' dir='ltr'><strong>gravius</strong></span> <span class='ocrx_word' id='word_1_36' title='bbox 1891 1132 2011 1174; x_wconf 89' lang='lat' dir='ltr'><strong>nec</strong></span> <span class='ocrx_word' id='word_1_37' title='bbox 2047 1111 2337 1175; x_wconf 82' lang='lat' dir='ltr'>acerbius</span> <span class='ocrx_word' id='word_1_38' title='bbox 2373 1122 2578 1195; x_wconf 86' lang='lat' dir='ltr'><strong>urget,</strong></span> <span class='ocrx_word' id='word_1_39' title='bbox 2677 1133 2692 1141; x_wconf 87' lang='grc'><em>·</em></span> 
     </span>
     <span class='ocr_line' id='line_1_8' title="bbox 921 1197 2892 1288; baseline 0.002 -22"><span class='ocrx_word' id='word_1_40' title='bbox 921 1223 1113 1285; x_wconf 87' lang='lat' dir='ltr'><strong>quam</strong></span> <span class='ocrx_word' id='word_1_41' title='bbox 1132 1204 1321 1268; x_wconf 90' lang='lat' dir='ltr'><strong>modo</strong></span> <span class='ocrx_word' id='word_1_42' title='bbox 1341 1204 1450 1288; x_wconf 92' lang='lat' dir='ltr'><strong>qui</strong></span> <span class='ocrx_word' id='word_1_43' title='bbox 1476 1226 1578 1268; x_wconf 91' lang='lat' dir='ltr'><strong>me</strong></span> <span class='ocrx_word' id='word_1_44' title='bbox 1597 1226 1797 1267; x_wconf 88' lang='lat' dir='ltr'><strong>unum</strong></span> <span class='ocrx_word' id='word_1_45' title='bbox 1826 1213 2016 1286; x_wconf 85' lang='lat' dir='ltr'><strong>atque</strong></span> <span class='ocrx_word' id='word_1_46' title='bbox 2045 1204 2307 1270; x_wconf 86' lang='lat' dir='ltr'><strong>unicum</strong></span> <span class='ocrx_word' id='word_1_47' title='bbox 2332 1205 2607 1269; x_wconf 81' lang='lat' dir='ltr'><strong>amicum</strong></span> <span class='ocrx_word' id='word_1_48' title='bbox 2634 1197 2892 1272; x_wconf 60' lang='lat' dir='ltr'><strong>habuit}</strong></span> 
     </span>
    </p>
   </div>
   <div class='ocr_carea' id='block_1_4' title="bbox 1690 1435 2031 1447">
    <p class='ocr_par' dir='ltr' id='par_1_4' title="bbox 1690 1435 2031 1447">
     <span class='ocr_line' id='line_1_9' title="bbox 1690 1435 2031 1447; baseline 0 0"><span class='ocrx_word' id='word_1_49' title='bbox 1690 1435 2031 1447; x_wconf 95' lang='lat' dir='ltr'><strong> </strong></span> 
     </span>
    </p>
   </div>
   <div class='ocr_carea' id='block_1_5' title="bbox 1682 1643 2018 1710">
    <p class='ocr_par' dir='ltr' id='par_1_5' title="bbox 1682 1611 2018 1710">
     <span class='ocr_line' id='line_1_10' title="bbox 1682 1643 2018 1710; baseline 0.006 -2"><span class='ocrx_word' id='word_1_50' title='bbox 1682 1643 2018 1710; x_wconf 84' lang='lat' dir='ltr'>LXXIV.</span> 
     </span>
    </p>
   </div>
   <div class='ocr_carea' id='block_1_6' title="bbox 761 1762 2536 2317">
    <p class='ocr_par' dir='ltr' id='par_1_6' title="bbox 761 1762 2536 2317">
     <span class='ocr_line' id='line_1_11' title="bbox 837 1762 2369 1849; baseline 0.002 -21"><span class='ocrx_word' id='word_1_51' title='bbox 837 1762 1081 1830; x_wconf 81' lang='lat' dir='ltr'><strong>Gellius</strong></span> <span class='ocrx_word' id='word_1_52' title='bbox 1118 1763 1405 1848; x_wconf 64' lang='lat' dir='ltr'><strong>audierat</strong></span> <span class='ocrx_word' id='word_1_53' title='bbox 1437 1773 1738 1848; x_wconf 86' lang='lat' dir='ltr'><strong>patruum</strong></span> <span class='ocrx_word' id='word_1_54' title='bbox 1771 1763 2110 1849; x_wconf 81' lang='lat' dir='ltr'><strong>obiurgare</strong></span> <span class='ocrx_word' id='word_1_55' title='bbox 2140 1764 2369 1842; x_wconf 81' lang='lat' dir='ltr'><strong>solere,</strong></span> 
     </span>
     <span class='ocr_line' id='line_1_12' title="bbox 917 1856 2117 1943; baseline -0.002 -21"><span class='ocrx_word' id='word_1_56' title='bbox 917 1858 1113 1943; x_wconf 87' lang='lat' dir='ltr'><strong>siquis</strong></span> <span class='ocrx_word' id='word_1_57' title='bbox 1150 1858 1404 1923; x_wconf 86' lang='lat' dir='ltr'><strong>delicias</strong></span> <span class='ocrx_word' id='word_1_58' title='bbox 1443 1858 1680 1922; x_wconf 89' lang='lat' dir='ltr'><strong>diceret</strong></span> <span class='ocrx_word' id='word_1_59' title='bbox 1715 1868 1826 1921; x_wconf 86' lang='lat' dir='ltr'><strong>aut</strong></span> <span class='ocrx_word' id='word_1_60' title='bbox 1859 1856 2117 1922; x_wconf 84' lang='lat' dir='ltr'><strong>faceret.</strong></span> 
     </span>
     <span class='ocr_line' id='line_1_13' title="bbox 832 1950 2522 2036; baseline 0.001 -20"><span class='ocrx_word' id='word_1_61' title='bbox 832 1952 954 2018; x_wconf 90' lang='lat' dir='ltr'><strong>hoc</strong></span> <span class='ocrx_word' id='word_1_62' title='bbox 986 1974 1069 2016; x_wconf 91' lang='lat' dir='ltr'><strong>ne</strong></span> <span class='ocrx_word' id='word_1_63' title='bbox 1101 1952 1223 2036; x_wconf 84' lang='lat' dir='ltr'><strong>ipsi</strong></span> <span class='ocrx_word' id='word_1_64' title='bbox 1258 1952 1590 2026; x_wconf 87' lang='lat' dir='ltr'><strong>accideret,</strong></span> <span class='ocrx_word' id='word_1_65' title='bbox 1628 1950 1837 2036; x_wconf 85' lang='lat' dir='ltr'><strong>patrui</strong></span> <span class='ocrx_word' id='word_1_66' title='bbox 1872 1950 2239 2035; x_wconf 82' lang='lat' dir='ltr'><strong>perdepsuit</strong></span> <span class='ocrx_word' id='word_1_67' title='bbox 2273 1951 2477 2036; x_wconf 83' lang='lat' dir='ltr'><strong>ipsam</strong></span> <span class='ocrx_word' id='word_1_68' title='bbox 2507 1999 2522 2022; x_wconf 63' lang='lat'><em>,</em></span> 
     </span>
     <span class='ocr_line' id='line_1_14' title="bbox 916 2044 2435 2129; baseline 0 -20"><span class='ocrx_word' id='word_1_69' title='bbox 916 2068 1179 2110; x_wconf 86' lang='lat' dir='ltr'><strong>uxorem</strong></span> <span class='ocrx_word' id='word_1_70' title='bbox 1214 2055 1276 2109; x_wconf 79' lang='lat' dir='ltr'><strong>et</strong></span> <span class='ocrx_word' id='word_1_71' title='bbox 1311 2056 1608 2129; x_wconf 86' lang='lat' dir='ltr'><strong>patruum</strong></span> <span class='ocrx_word' id='word_1_72' title='bbox 1644 2044 1917 2108; x_wconf 84' lang='lat' dir='ltr'><strong>reddidit</strong></span> <span class='ocrx_word' id='word_1_73' title='bbox 1950 2046 2435 2129; x_wconf 82' lang='lat' dir='ltr'><strong>Harpocratem.</strong></span> 
     </span>
     <span class='ocr_line' id='line_1_15' title="bbox 761 2138 2536 2223; baseline -0.002 -17"><span class='ocrx_word' id='word_1_74' title='bbox 761 2153 799 2207; x_wconf 90' lang='lat'>5</span> <span class='ocrx_word' id='word_1_75' title='bbox 830 2140 1003 2223; x_wconf 91' lang='lat' dir='ltr'><strong>quod</strong></span> <span class='ocrx_word' id='word_1_76' title='bbox 1038 2139 1238 2203; x_wconf 85' lang='lat' dir='ltr'><strong>voluit</strong></span> <span class='ocrx_word' id='word_1_77' title='bbox 1272 2138 1451 2203; x_wconf 83' lang='lat' dir='ltr'><strong>fecit:</strong></span> <span class='ocrx_word' id='word_1_78' title='bbox 1488 2162 1657 2214; x_wconf 89' lang='lat' dir='ltr'><strong>nam,</strong></span> <span class='ocrx_word' id='word_1_79' title='bbox 1696 2138 1984 2221; x_wconf 82' lang='lat' dir='ltr'><strong>quamvis</strong></span> <span class='ocrx_word' id='word_1_80' title='bbox 2019 2138 2294 2202; x_wconf 89' lang='lat' dir='ltr'><strong>inrumet</strong></span> <span class='ocrx_word' id='word_1_81' title='bbox 2327 2139 2536 2223; x_wconf 89' lang='lat' dir='ltr'><strong>ipsum</strong></span> 
     </span>
     <span class='ocr_line' id='line_1_16' title="bbox 914 2230 2445 2317; baseline 0 -20"><span class='ocrx_word' id='word_1_82' title='bbox 914 2254 1084 2297; x_wconf 89' lang='lat' dir='ltr'><strong>nunc</strong></span> <span class='ocrx_word' id='word_1_83' title='bbox 1119 2243 1436 2317; x_wconf 85' lang='lat' dir='ltr'><strong>patruum,</strong></span> <span class='ocrx_word' id='word_1_84' title='bbox 1471 2231 1740 2296; x_wconf 87' lang='lat' dir='ltr'><strong>verbum</strong></span> <span class='ocrx_word' id='word_1_85' title='bbox 1760 2252 1902 2311; x_wconf 38' lang='lat' dir='ltr'><strong>‚non</strong></span> <span class='ocrx_word' id='word_1_86' title='bbox 1939 2230 2130 2311; x_wconf 81' lang='lat' dir='ltr'><strong>faciet</strong></span> <span class='ocrx_word' id='word_1_87' title='bbox 2163 2241 2445 2316; x_wconf 83' lang='lat' dir='ltr'><strong>patruus.</strong></span> 
     </span>
    </p>
   </div>
   <div class='ocr_carea' id='block_1_7' title="bbox 1678 2462 2019 2475">
    <p class='ocr_par' dir='ltr' id='par_1_7' title="bbox 1678 2462 2019 2475">
     <span class='ocr_line' id='line_1_17' title="bbox 1678 2462 2019 2475; baseline 0 2696"><span class='ocrx_word' id='word_1_88' title='bbox 1678 2462 2019 2475; x_wconf 95' lang='lat' dir='ltr'><strong> </strong></span> 
     </span>
    </p>
   </div>
   <div class='ocr_carea' id='block_1_8' title="bbox 1696 2673 2017 2739">
    <p class='ocr_par' dir='ltr' id='par_1_8' title="bbox 1696 2673 2017 2739">
     <span class='ocr_line' id='line_1_18' title="bbox 1696 2673 2017 2739; baseline 0.009 -3"><span class='ocrx_word' id='word_1_89' title='bbox 1696 2673 1991 2739; x_wconf 85' lang='lat' dir='ltr'><strong>LXXV.</strong></span> <span class='ocrx_word' id='word_1_90' title='bbox 2013 2689 2017 2692; x_wconf 55' lang='lat'><strong>⁴</strong></span> 
     </span>
    </p>
   </div>
   <div class='ocr_carea' id='block_1_9' title="bbox 755 2791 2890 3526">
    <p class='ocr_par' dir='ltr' id='par_1_9' title="bbox 800 2791 2890 2971">
     <span class='ocr_line' id='line_1_19' title="bbox 800 2791 2890 2879; baseline 0 -18"><span class='ocrx_word' id='word_1_91' title='bbox 800 2795 892 2861; x_wconf 82' lang='grc' dir='ltr'><strong>’Ν</strong></span> <span class='ocrx_word' id='word_1_92' title='bbox 893 2795 1019 2859; x_wconf 87' lang='lat' dir='ltr'><strong>ulla</strong></span> <span class='ocrx_word' id='word_1_93' title='bbox 1055 2803 1263 2879; x_wconf 82' lang='lat' dir='ltr'><strong>potest</strong></span> <span class='ocrx_word' id='word_1_94' title='bbox 1297 2791 1522 2858; x_wconf 88' lang='lat' dir='ltr'><strong>mulier</strong></span> <span class='ocrx_word' id='word_1_95' title='bbox 1556 2802 1802 2856; x_wconf 87' lang='lat' dir='ltr'><strong>tantum</strong></span> <span class='ocrx_word' id='word_1_96' title='bbox 1838 2816 1908 2858; x_wconf 87' lang='lat' dir='ltr'><strong>se</strong></span> <span class='ocrx_word' id='word_1_97' title='bbox 1944 2793 2152 2858; x_wconf 83' lang='lat' dir='ltr'><strong>dicere</strong></span> <span class='ocrx_word' id='word_1_98' title='bbox 2188 2802 2467 2858; x_wconf 83' lang='lat' dir='ltr'><strong>amatam</strong></span> <span class='ocrx_word' id='word_1_99' title='bbox 2619 2816 2890 2861; x_wconf 68' lang='lat' dir='ltr'><strong>Lxxxvn</strong></span> 
     </span>
     <span class='ocr_line' id='line_1_20' title="bbox 912 2886 2418 2971; baseline -0.001 -19"><span class='ocrx_word' id='word_1_100' title='bbox 912 2911 1081 2962; x_wconf 86' lang='lat' dir='ltr'><strong>vere,</strong></span> <span class='ocrx_word' id='word_1_101' title='bbox 1119 2896 1429 2971; x_wconf 86' lang='lat' dir='ltr'><strong>quantum</strong></span> <span class='ocrx_word' id='word_1_102' title='bbox 1466 2909 1505 2951; x_wconf 80' lang='lat' dir='ltr'><strong>a</strong></span> <span class='ocrx_word' id='word_1_103' title='bbox 1541 2909 1644 2951; x_wconf 87' lang='lat' dir='ltr'><strong>me</strong></span> <span class='ocrx_word' id='word_1_104' title='bbox 1681 2886 1921 2951; x_wconf 88' lang='lat' dir='ltr'><strong>Lesbia</strong></span> <span class='ocrx_word' id='word_1_105' title='bbox 1955 2897 2164 2951; x_wconf 85' lang='lat' dir='ltr'><strong>amata</strong></span> <span class='ocrx_word' id='word_1_106' title='bbox 2199 2887 2418 2951; x_wconf 87' lang='lat' dir='ltr'><strong>mea&#39;s.</strong></span> 
     </span>
    </p>

    <p class='ocr_par' dir='ltr' id='par_1_10' title="bbox 826 2980 2507 3159">
     <span class='ocr_line' id='line_1_21' title="bbox 826 2980 2475 3064; baseline -0.002 -17"><span class='ocrx_word' id='word_1_107' title='bbox 826 2984 1002 3047; x_wconf 89' lang='lat' dir='ltr'><strong>nulla</strong></span> <span class='ocrx_word' id='word_1_108' title='bbox 1034 2981 1191 3046; x_wconf 89' lang='lat' dir='ltr'><strong>fides</strong></span> <span class='ocrx_word' id='word_1_109' title='bbox 1226 2981 1357 3045; x_wconf 89' lang='lat' dir='ltr'><strong>ullo</strong></span> <span class='ocrx_word' id='word_1_110' title='bbox 1391 2980 1512 3044; x_wconf 87' lang='lat' dir='ltr'><strong>fuit</strong></span> <span class='ocrx_word' id='word_1_111' title='bbox 1548 3002 1854 3064; x_wconf 85' lang='lat' dir='ltr'><strong>umquam</strong></span> <span class='ocrx_word' id='word_1_112' title='bbox 1889 2982 1954 3044; x_wconf 92' lang='lat' dir='ltr'><strong>in</strong></span> <span class='ocrx_word' id='word_1_113' title='bbox 1990 2982 2245 3046; x_wconf 88' lang='lat' dir='ltr'><strong>foedere</strong></span> <span class='ocrx_word' id='word_1_114' title='bbox 2279 2991 2475 3058; x_wconf 84' lang='lat' dir='ltr'><strong>tanta,</strong></span> 
     </span>
     <span class='ocr_line' id='line_1_22' title="bbox 911 3074 2507 3159; baseline 0 -20"><span class='ocrx_word' id='word_1_115' title='bbox 911 3086 1149 3158; x_wconf 85' lang='lat' dir='ltr'><strong>quanta</strong></span> <span class='ocrx_word' id='word_1_116' title='bbox 1181 3074 1249 3138; x_wconf 88' lang='lat' dir='ltr'><strong>in</strong></span> <span class='ocrx_word' id='word_1_117' title='bbox 1285 3096 1497 3138; x_wconf 86' lang='lat' dir='ltr'><strong>amore</strong></span> <span class='ocrx_word' id='word_1_118' title='bbox 1532 3085 1642 3138; x_wconf 86' lang='lat' dir='ltr'><strong>tue</strong></span> <span class='ocrx_word' id='word_1_119' title='bbox 1679 3096 1758 3138; x_wconf 86' lang='lat' dir='ltr'><strong>ex</strong></span> <span class='ocrx_word' id='word_1_120' title='bbox 1794 3086 1971 3158; x_wconf 88' lang='lat' dir='ltr'><strong>parte</strong></span> <span class='ocrx_word' id='word_1_121' title='bbox 2007 3086 2255 3159; x_wconf 85' lang='lat' dir='ltr'><strong>reperta</strong></span> <span class='ocrx_word' id='word_1_122' title='bbox 2288 3085 2507 3140; x_wconf 83' lang='lat' dir='ltr'><strong>meast.</strong></span> 
     </span>
    </p>

    <p class='ocr_par' dir='ltr' id='par_1_11' title="bbox 755 3166 2890 3254">
     <span class='ocr_line' id='line_1_23' title="bbox 755 3166 2890 3254; baseline -0.001 -17"><span class='ocrx_word' id='word_1_123' title='bbox 755 3184 793 3237; x_wconf 92' lang='lat'>5</span> <span class='ocrx_word' id='word_1_124' title='bbox 825 3190 995 3233; x_wconf 89' lang='lat' dir='ltr'><strong>nunc</strong></span> <span class='ocrx_word' id='word_1_125' title='bbox 1032 3179 1126 3233; x_wconf 86' lang='lat' dir='ltr'><strong>est</strong></span> <span class='ocrx_word' id='word_1_126' title='bbox 1158 3190 1338 3232; x_wconf 88' lang='lat' dir='ltr'><strong>mens</strong></span> <span class='ocrx_word' id='word_1_127' title='bbox 1376 3166 1632 3232; x_wconf 85' lang='lat' dir='ltr'><strong>diducta</strong></span> <span class='ocrx_word' id='word_1_128' title='bbox 1665 3178 1794 3244; x_wconf 87' lang='lat' dir='ltr'><strong>tua,</strong></span> <span class='ocrx_word' id='word_1_129' title='bbox 1832 3191 1976 3233; x_wconf 84' lang='lat' dir='ltr'><strong>mea</strong></span> <span class='ocrx_word' id='word_1_130' title='bbox 2009 3166 2271 3245; x_wconf 87' lang='lat' dir='ltr'><strong>Lesbia,</strong></span> <span class='ocrx_word' id='word_1_131' title='bbox 2310 3169 2518 3254; x_wconf 86' lang='lat' dir='ltr'><strong>culpa,</strong></span> <span class='ocrx_word' id='word_1_132' title='bbox 2707 3193 2890 3240; x_wconf 62' lang='lat' dir='ltr'><strong>mxxv</strong></span> 
     </span>
    </p>

    <p class='ocr_par' dir='ltr' id='par_1_12' title="bbox 912 3260 2228 3346">
     <span class='ocr_line' id='line_1_24' title="bbox 912 3260 2228 3346; baseline 0 -20"><span class='ocrx_word' id='word_1_133' title='bbox 912 3274 1102 3346; x_wconf 84' lang='lat' dir='ltr'><strong>atque</strong></span> <span class='ocrx_word' id='word_1_134' title='bbox 1136 3261 1226 3326; x_wconf 79' lang='lat' dir='ltr'><strong>ita</strong></span> <span class='ocrx_word' id='word_1_135' title='bbox 1261 3284 1328 3326; x_wconf 88' lang='lat' dir='ltr'><strong>se</strong></span> <span class='ocrx_word' id='word_1_136' title='bbox 1366 3260 1574 3327; x_wconf 88' lang='lat' dir='ltr'><strong>officio</strong></span> <span class='ocrx_word' id='word_1_137' title='bbox 1609 3262 1883 3346; x_wconf 87' lang='lat' dir='ltr'><strong>perdidit</strong></span> <span class='ocrx_word' id='word_1_138' title='bbox 1918 3263 2057 3346; x_wconf 84' lang='lat' dir='ltr'><strong>ipsa</strong></span> <span class='ocrx_word' id='word_1_139' title='bbox 2091 3283 2228 3339; x_wconf 87' lang='lat' dir='ltr'><strong>su0,</strong></span> 
     </span>
    </p>

    <p class='ocr_par' dir='ltr' id='par_1_13' title="bbox 825 3355 2546 3526">
     <span class='ocr_line' id='line_1_25' title="bbox 825 3355 2546 3441; baseline -0.001 -19"><span class='ocrx_word' id='word_1_140' title='bbox 825 3368 897 3422; x_wconf 88' lang='lat' dir='ltr'><strong>ut</strong></span> <span class='ocrx_word' id='word_1_141' title='bbox 930 3357 1057 3420; x_wconf 87' lang='lat' dir='ltr'><strong>iam</strong></span> <span class='ocrx_word' id='word_1_142' title='bbox 1093 3377 1212 3419; x_wconf 90' lang='lat' dir='ltr'><strong>nec</strong></span> <span class='ocrx_word' id='word_1_143' title='bbox 1246 3355 1410 3420; x_wconf 89' lang='lat' dir='ltr'><strong>bene</strong></span> <span class='ocrx_word' id='word_1_144' title='bbox 1445 3355 1608 3419; x_wconf 85' lang='lat' dir='ltr'><strong>velle</strong></span> <span class='ocrx_word' id='word_1_145' title='bbox 1645 3366 1840 3439; x_wconf 84' lang='lat' dir='ltr'><strong>queat</strong></span> <span class='ocrx_word' id='word_1_146' title='bbox 1874 3356 2009 3432; x_wconf 91' lang='lat' dir='ltr'><strong>tibi,</strong></span> <span class='ocrx_word' id='word_1_147' title='bbox 2046 3355 2375 3441; x_wconf 9' lang='lat' dir='ltr'><strong>siwoptima</strong></span> <span class='ocrx_word' id='word_1_148' title='bbox 2408 3358 2546 3434; x_wconf 87' lang='lat' dir='ltr'><strong>fias,</strong></span> 
     </span>
     <span class='ocr_line' id='line_1_26' title="bbox 908 3449 2220 3526; baseline 0.001 -12"><span class='ocrx_word' id='word_1_149' title='bbox 908 3472 1026 3515; x_wconf 91' lang='lat' dir='ltr'><strong>nec</strong></span> <span class='ocrx_word' id='word_1_150' title='bbox 1062 3449 1365 3514; x_wconf 86' lang='lat' dir='ltr'><strong>desistere</strong></span> <span class='ocrx_word' id='word_1_151' title='bbox 1398 3471 1633 3526; x_wconf 86' lang='lat' dir='ltr'><strong>amare,</strong></span> <span class='ocrx_word' id='word_1_152' title='bbox 1669 3449 1881 3514; x_wconf 82' lang='lat' dir='ltr'><strong>omnia</strong></span> <span class='ocrx_word' id='word_1_153' title='bbox 1913 3450 1970 3514; x_wconf 84' lang='lat' dir='ltr'><strong>si</strong></span> <span class='ocrx_word' id='word_1_154' title='bbox 2003 3449 2220 3515; x_wconf 83' lang='lat' dir='ltr'><strong>facias.</strong></span> 
     </span>
    </p>
   </div>
   <div class='ocr_carea' id='block_1_10' title="bbox 1685 3682 2027 3699">
    <p class='ocr_par' dir='ltr' id='par_1_14' title="bbox 1685 3682 2027 3699">
     <span class='ocr_line' id='line_1_27' title="bbox 1685 3682 2027 3699; baseline 0 1472"><span class='ocrx_word' id='word_1_155' title='bbox 1685 3682 2027 3699; x_wconf 95' lang='lat' dir='ltr'><strong> </strong></span> 
     </span>
    </p>
   </div>
   <div class='ocr_carea' id='block_1_11' title="bbox 824 3889 2362 4096">
    <p class='ocr_par' dir='ltr' id='par_1_15' title="bbox 824 3889 2362 4096">
     <span class='ocr_line' id='line_1_28' title="bbox 1679 3889 2111 3957; baseline 0.007 -3"><span class='ocrx_word' id='word_1_156' title='bbox 1679 3889 2009 3957; x_wconf 88' lang='lat' dir='ltr'>LXXVI.</span> <span class='ocrx_word' id='word_1_157' title='bbox 2105 3924 2111 3930; x_wconf 86' lang='lat'><em>·</em></span> 
     </span>
     <span class='ocr_line' id='line_1_29' title="bbox 824 4007 2362 4096; baseline 0 -20"><span class='ocrx_word' id='word_1_158' title='bbox 824 4007 1028 4094; x_wconf 83' lang='lat' dir='ltr'><strong>Siqua</strong></span> <span class='ocrx_word' id='word_1_159' title='bbox 1063 4009 1417 4076; x_wconf 85' lang='lat' dir='ltr'><strong>recordanti</strong></span> <span class='ocrx_word' id='word_1_160' title='bbox 1453 4009 1789 4075; x_wconf 84' lang='lat' dir='ltr'><strong>benefacta</strong></span> <span class='ocrx_word' id='word_1_161' title='bbox 1823 4010 2034 4095; x_wconf 81' lang='lat' dir='ltr'><strong>priora</strong></span> <span class='ocrx_word' id='word_1_162' title='bbox 2070 4011 2362 4096; x_wconf 83' lang='lat' dir='ltr'><strong>voluptas</strong></span> 
     </span>
    </p>
   </div>
   <div class='ocr_carea' id='block_1_12' title="bbox 806 4103 2526 4276">
    <p class='ocr_par' dir='ltr' id='par_1_16' title="bbox 806 4103 2526 4276">
     <span class='ocr_line' id='line_1_30' title="bbox 806 4103 2267 4189; baseline -0.001 -20"><span class='ocrx_word' id='word_1_163' title='bbox 806 4142 815 4151; x_wconf 85' lang='lat'><em>-</em></span> <span class='ocrx_word' id='word_1_164' title='bbox 907 4113 1005 4169; x_wconf 86' lang='lat' dir='ltr'><strong>est</strong></span> <span class='ocrx_word' id='word_1_165' title='bbox 1040 4103 1301 4180; x_wconf 90' lang='lat' dir='ltr'><strong>homini,</strong></span> <span class='ocrx_word' id='word_1_166' title='bbox 1339 4126 1484 4169; x_wconf 88' lang='lat' dir='ltr'><strong>cum</strong></span> <span class='ocrx_word' id='word_1_167' title='bbox 1521 4126 1588 4168; x_wconf 89' lang='lat' dir='ltr'><strong>se</strong></span> <span class='ocrx_word' id='word_1_168' title='bbox 1626 4104 1861 4188; x_wconf 84' lang='lat' dir='ltr'><strong>cogitat</strong></span> <span class='ocrx_word' id='word_1_169' title='bbox 1897 4127 2035 4170; x_wconf 87' lang='lat' dir='ltr'><strong>esse</strong></span> <span class='ocrx_word' id='word_1_170' title='bbox 2070 4105 2267 4189; x_wconf 90' lang='lat' dir='ltr'><strong>pium,</strong></span> 
     </span>
     <span class='ocr_line' id='line_1_31' title="bbox 819 4196 2526 4276; baseline -0.001 -13"><span class='ocrx_word' id='word_1_171' title='bbox 819 4219 940 4264; x_wconf 86' lang='lat' dir='ltr'><strong>nec</strong></span> <span class='ocrx_word' id='word_1_172' title='bbox 974 4208 1260 4262; x_wconf 80' lang='lat' dir='ltr'><strong>sanctam</strong></span> <span class='ocrx_word' id='word_1_173' title='bbox 1292 4198 1563 4264; x_wconf 87' lang='lat' dir='ltr'><strong>violasse</strong></span> <span class='ocrx_word' id='word_1_174' title='bbox 1598 4196 1811 4276; x_wconf 87' lang='lat' dir='ltr'><strong>fidem,</strong></span> <span class='ocrx_word' id='word_1_175' title='bbox 1848 4220 1968 4263; x_wconf 89' lang='lat' dir='ltr'><strong>nec</strong></span> <span class='ocrx_word' id='word_1_176' title='bbox 2002 4198 2257 4264; x_wconf 87' lang='lat' dir='ltr'><strong>foedere</strong></span> <span class='ocrx_word' id='word_1_177' title='bbox 2292 4199 2358 4263; x_wconf 89' lang='lat' dir='ltr'><strong>in</strong></span> <span class='ocrx_word' id='word_1_178' title='bbox 2392 4196 2526 4263; x_wconf 92' lang='lat' dir='ltr'><strong>ullo</strong></span> 
     </span>
    </p>
   </div>
  </div>
 </body>
</html>
