3225 5171
762 457 909 497 xmv
1621 453 2079 496 PnoLsGoMENA
2099 512 2102 513 ⁷

766 577 932 633 cuius
985 573 1298 631 annalibus
1341 580 1517 651 poeta
1557 574 1624 630 in
1669 572 1790 630 fine
1834 574 2110 631 carminis
2160 573 2328 630 triste
2372 569 2559 631 fatum
2603 583 2966 649 auguraturs

763 663 850 717 ita
885 658 1118 717 demum
1153 659 1291 716 huic
1327 659 1736 737 epigrammati
1772 676 1879 715 sua
1915 664 2144 715 constat
2171 659 2554 730 concinnitas,
2593 662 2942 739 epicumque

765 762 1016 815 carmen,
1072 752 1138 801 ut
1177 763 1286 822 par
1328 750 1432 813 est,
1487 762 1608 800 non
1656 749 2009 820 conparatur
2051 745 2169 800 nisi
2213 744 2396 819 epic0,
2451 750 2644 821 atque,
2700 764 2833 803 cum
2873 749 2939 804 in

762 832 959 908 priore
1009 827 1346 887 tetrasticho
1395 826 1626 886 Cinnae
1679 826 1906 886 diutino
1960 826 2151 885 labori
2202 827 2481 885 festinata
2522 829 2759 888 Volusii
2811 849 2937 890 ver·

763 913 1010 972 sificatio
1063 916 1140 971 sit
1192 915 1486 991 opposita,
1547 916 1614 971 in
1668 913 1851 971 altero
1904 911 2140 990 qualem
2189 919 2434 990 uterque
2485 911 2739 972 fructum
2797 914 2942 974 inde

760 998 988 1056 laturus
1024 1001 1100 1056 sit
1133 997 1505 1076 praedicitur.
1578 1000 1842 1076 sequitur
1875 1005 1942 1055 ut
1977 996 2050 1055 de
2086 1016 2154 1055 eo
2192 996 2443 1056 disticho
2480 996 2743 1058 dicamus
2779 999 2937 1078 quod

702 1100 713 1111 ⁴*
760 1087 917 1142 inter
971 1086 1231 1141 carmina
1287 1081 1626 1141 Catulliana
1688 1101 1929 1141 numero
1981 1081 2195 1141 XCV³
2240 1081 2697 1158 designavimus,
2778 1085 2938 1162 quod

763 1167 1004 1246 quidem
1039 1167 1115 1226 ad
1152 1167 1356 1227 eadem
1393 1167 1713 1226 eorundem
1756 1177 2064 1245 poetarum
2109 1185 2287 1245 opera
2330 1175 2596 1245 spectare
2637 1189 2743 1247 pro
2780 1177 2941 1228 certo

762 1257 911 1311 sumi
972 1260 1181 1331 potest.
1271 1273 1588 1332 parvorum
1649 1255 1807 1311 enim
1869 1259 2377 1311 monumentorum
2438 1271 2652 1311 nomen
2708 1252 2942 1314 Cinnae

762 1337 984 1416 epyllio
1021 1341 1260 1414 egregie
1296 1340 1589 1396 convenit.
1662 1338 1874 1416 quibus
1911 1357 2043 1396 cum
2077 1336 2336 1395 tumidus
2360 1335 2770 1410 AntimachuS,
2807 1342 2847 1397 i.
2884 1359 2934 1398 e.

759 1431 993 1481 vastum
1021 1422 1263 1500 aliquod
1291 1421 1637 1481 Antimachi
1673 1441 1926 1494 carmen,
1965 1431 2308 1501 opponatur,
2344 1440 2536 1500 paene
2563 1425 2828 1499 cogimur
2863 1423 2941 1484 de

762 1509 1075 1566 annalibus
1104 1506 1337 1566 Volusii
1367 1510 1643 1583 cogitare,
1680 1528 1827 1587 quos
1852 1527 2137 1584 magnum
2164 1507 2538 1586 amplumque
2575 1527 2721 1587 opus
2757 1509 2937 1568 fuisse

761 1595 1036 1651 carminis
1087 1591 1264 1651 XCV
1305 1611 1508 1651 versus
1555 1593 1590 1648 3
1640 1600 1698 1651 et
1745 1594 1781 1650 8
1837 1592 2168 1652 ostendunt.
2251 1592 2466 1651 Graeci
2520 1596 2677 1651 enim
2729 1602 2942 1671 poetae

759 1697 977 1736 nomen
1012 1677 1294 1736 translate
1330 1698 1367 1736 a
1403 1675 1639 1736 Catullo
1676 1677 2005 1736 adhibitum
2042 1696 2168 1736 esse
2203 1680 2333 1756 quis
2372 1685 2459 1736 est
2496 1696 2668 1755 quem
2704 1678 2938 1754 fugiat?

761 1764 926 1821 cuius
971 1761 1374 1821 translationis
1422 1766 1573 1840 quae
1618 1765 1695 1821 sit
1738 1782 1915 1820 causa
1956 1761 2116 1821 infra
2158 1761 2494 1840 exponendi
2531 1766 2760 1822 occasio
2806 1767 2934 1822 erit.

760 1846 863 1906 sed
893 1867 1247 1926 quamquam
1276 1847 1421 1906 haec
1445 1850 1532 1905 ita
1558 1866 1685 1906 esse
1710 1867 2052 1925 persuasum
2079 1847 2287 1919 habeo,
2324 1854 2521 1906 tamen
2548 1847 2940 1908 Lachmanno

759 1931 1073 2003 adsentior,
1113 1935 1215 2010 qui
1251 1931 1397 1991 duos
1432 1935 1576 1991 istos
1610 1932 1931 1992 versiculos
1968 1953 2003 1991 a
2030 1953 2077 1991 c.
2103 1931 2295 2005 XCV,
2334 1935 2428 1990 cui
2463 1941 2639 1992 antea
2674 1933 2941 1994 adiuncti

756 2024 945 2089 erant,
982 2021 1294 2095 separavit,
1331 2019 1627 2095 mirorque
1661 2020 2013 2076 recentiores
2050 2016 2301 2077 editores
2334 2025 2567 2096 practer
2602 2018 2934 2097 Hauptium

760 2110 820 2161 et
851 2102 1189 2161 Vahlenum
1228 2122 1428 2161 omnes
1466 2102 1540 2160 ab
1576 2101 1741 2161 illius
1785 2106 2016 2161 ratione
2055 2122 2255 2161 rursus
2290 2101 2640 2162 discessisse.
2714 2107 2935 2162 etenim

759 2207 805 2245 c.
853 2187 1030 2246 XCV
1082 2191 1346 2264 auguriis
1398 2206 1592 2246 rerum
1645 2185 1974 2246 futurarum
2027 2191 2327 2266 aptissime
2379 2186 2687 2260 clauditur,
2742 2208 2940 2268 neque

757 2290 912 2350 quae
954 2275 1296 2330 insecuntur
1338 2272 1493 2331 bene
1539 2272 1854 2332 cohaerent
1900 2293 2031 2331 cum
2074 2272 2586 2350 praecedentibuS,
2640 2273 2939 2352 stulteque

758 2375 901 2415 sane
944 2355 1181 2415 fecisset
1222 2363 1415 2434 poeta,
1469 2360 1537 2430 si,
1588 2365 1903 2436 postquam
1946 2356 2181 2416 Volusii
2225 2357 2468 2416 annales
2510 2359 2576 2415 in
2627 2361 2755 2436 ipso
2811 2359 2936 2417 solo

756 2439 944 2499 natali
990 2440 1289 2500 oblivione
1334 2441 1607 2500 obrutum
1648 2444 1725 2501 iri
1776 2441 2097 2520 praedixit,
2150 2441 2337 2501 nihilo
2381 2445 2574 2500 minus
2618 2445 2685 2500 in
2728 2443 2934 2503 eodem

759 2529 1183 2607 epigrammate
1211 2545 1309 2585 eos
1339 2525 1498 2605 apud
1522 2526 1808 2606 populum
1835 2530 2122 2604 gratiosos
2142 2546 2268 2588 esse
2286 2531 2680 2587 concessisset.
2733 2532 2950 2602 imm0,

756 2615 875 2670 nisi
910 2632 1004 2670 me
1041 2615 1239 2670 omnia
1275 2612 1507 2684 fallunt,
1553 2612 1668 2671 hoc
1711 2611 2005 2672 distichon
2046 2621 2172 2672 tum
2207 2612 2440 2672 demum
2476 2617 2783 2691 conposuit
2819 2613 2932 2673 Ca-

756 2696 961 2769 tulluS,
1009 2718 1142 2755 cum
1185 2715 1378 2776 neque
1416 2696 1648 2757 Cinnae
1693 2697 1956 2776 epyllion
2002 2717 2134 2757 eam
2176 2702 2428 2773 gratiam
2471 2717 2664 2778 neque
2696 2698 2932 2758 Volusii

757 2781 1001 2842 annales
1038 2800 1168 2841 eam
1205 2786 1699 2861 contemptionem
1735 2803 1912 2862 quam
1948 2791 2311 2862 expectasset
2352 2787 2653 2843 invenisse
2685 2783 2927 2843 videret.

757 2876 893 2926 sunt
942 2870 1101 2926 enim
1144 2868 1329 2927 verba
1372 2867 1677 2934 evidenter
1728 2887 1790 2927 se
1843 2888 2128 2947 suumque
2172 2872 2424 2927 amicum
2470 2870 2825 2927 consolantis
2870 2877 2932 2928 et

755 2952 1043 3012 iudicium
1095 2953 1301 3032 populi
1354 2953 1748 3033 despicientis.
1835 2957 2052 3032 itaque,
2106 2961 2173 3013 ut
2223 2973 2270 3012 c.
2324 2952 2499 3012 XCV
2550 2956 2752 3014 statim
2798 2962 2933 3031 post.

755 3037 976 3097 editam
1010 3037 1348 3115 Zmyrnam,
1398 3042 1484 3097 ita
1520 3060 1565 3097 c.
1601 3038 1817 3099 XCV⁸
1848 3046 2112 3118 tempore
2148 3039 2346 3117 aliquo
2380 3041 2711 3098 intermisso
2748 3043 2927 3117 scrip-

754 3131 879 3181 tum
921 3131 1211 3202 putamus.
1284 3126 1395 3182 etsi
1449 3131 1643 3183 autem
1686 3127 1751 3182 in
1797 3124 1981 3184 altero
2026 3128 2448 3202 epigrammate
2498 3142 2691 3202 neque
2735 3123 2934 3183 Cinna

755 3226 948 3285 neque
982 3207 1264 3267 Volusius
1300 3211 1637 3266 nominatur
1675 3240 1754 3249 ——
1789 3209 2137 3269 Baehrensii
2172 3212 2330 3268 enim
2375 3217 2779 3281 commentum,
2826 3212 2926 3288 qui

756 3301 951 3370 spreto
986 3291 1282 3371 probabili
1316 3291 1570 3352 Avantii
1602 3295 1670 3351 in
1704 3293 1823 3352 fine
1867 3294 2193 3354 hexametri
2237 3294 2660 3373 complemento
2699 3293 2929 3353 Cinnae

755 3396 968 3435 nomen
1013 3380 1279 3447 inseruit,
1333 3380 1455 3436 iam
1498 3397 1543 3435 a.
1576 3381 1834 3437 metricis
1884 3380 2214 3438 rationibus
2255 3382 2651 3438 reiectaneum
2696 3386 2783 3439 est
2824 3411 2925 3451 —,

753 3469 952 3520 tamen
988 3465 1340 3540 quicumque
1374 3462 1439 3522 id
1474 3462 1796 3522 secundum
1832 3483 1878 3521 c.
1906 3463 2081 3524 XCV
2107 3464 2475 3523 conlocatum
2509 3465 2675 3523 videt
2708 3471 2768 3523 et
2801 3483 2930 3524 sen-

752 3550 968 3605 tentias
1010 3551 1076 3606 in
1119 3554 1368 3626 utroque
1421 3548 1534 3607 sibi
1587 3552 1885 3627 oppositas
1938 3558 2236 3627 conparat,
2289 3549 2466 3609 facile
2514 3548 2823 3625 intelleget
2861 3552 2930 3607 in

751 3635 1074 3710 posteriore
1110 3632 1347 3691 eosdem
1382 3632 1650 3692 homines
1685 3634 2010 3711 significari
2045 3634 2119 3694 de
2145 3634 2359 3713 quibus
2391 3638 2457 3693 in
2492 3637 2685 3711 priore
2713 3637 2923 3710 agitur.

751 3717 910 3796 quod
962 3738 1095 3776 cum
1146 3736 1223 3777 ne
1274 3738 1435 3777 nunc
1495 3717 1736 3798 quidem
1787 3739 2136 3799 quemquam
2189 3720 2395 3796 fugere
2448 3722 2655 3797 possit,
2704 3728 2928 3797 quanto

751 3807 942 3880 magis
996 3802 1343 3883 aequalibus
1385 3803 1624 3862 illorum
1666 3813 1994 3883 temporum
2044 3809 2419 3883 perspicuum
2463 3805 2644 3863 fuisse
2693 3804 2927 3883 putabi-

748 3887 919 3946 mus?
962 3895 1143 3947 restat
1175 3896 1243 3946 ut
1278 3888 1352 3948 de
1386 3909 1434 3947 c.
1469 3888 1755 3949 XXXVI
1789 3910 2050 3967 agamuS,
2095 3893 2162 3949 in
2205 3910 2321 3969 quo
2360 3889 2627 3949 Catullus
2663 3909 2700 3948 a
2733 3889 2924 3948 reditu

750 3974 816 4030 in
860 3976 1112 4048 gratiam
1159 3994 1292 4032 cum
1329 3972 1542 4033 Clodia
1585 3994 1791 4034 ansam
1832 3978 2005 4053 petiit
2047 3982 2114 4033 ut
2148 3974 2396 4034 Volusio
2441 3977 2704 4049 graviter
2744 3974 2925 4033 insul·

749 4064 916 4115 taret.
978 4057 1142 4115 illam
1180 4062 1338 4116 enim
1364 4055 1584 4119 Veneri
1614 4057 2014 4139 Cupidinique
2049 4068 2252 4119 narrat
2285 4062 2533 4130 vovisse,
2572 4062 2621 4117 si
2655 4062 2785 4137 ipse
2811 4059 2924 4118 sibi

751 4149 904 4202 esset
945 4146 1264 4217 restitutuS,
1319 4163 1382 4203 se
1426 4147 1668 4223 pessimi
1710 4153 1920 4224 poetae
1964 4148 2183 4222 scripta
2223 4147 2355 4222 igni
2396 4143 2745 4204 tradituram
2781 4161 2923 4203 esse.

746 4227 908 4307 quod
953 4248 1085 4288 cum
1129 4236 1385 4290 voveret·
1409 4227 1637 4303 Clodia,
1690 4232 1877 4310 ipsius
1920 4233 2197 4290 nimirum
2242 4228 2464 4290 Catulli
2508 4232 2771 4289 carmina
2817 4246 2928 4308 per
