3225 5171
1282 476 1515 532 LIBER

714 602 822 671 dic
856 602 1041 669 nobis
1077 599 1189 665 ubi
1225 600 1309 667 sis
1346 600 1620 675 futurus,
1657 597 1774 665 ede

717 699 1042 774 audacter,
1079 695 1417 772 committe,
1457 694 1643 759 crede
1676 693 1820 758 luci.

720 816 878 858 num
914 802 975 857 te
1010 789 1314 855 lacteolae
1349 798 1564 852 tenent
1598 787 1886 872 puellae?

720 887 777 951 si
810 886 1099 970 linguam
1135 883 1348 947 clauso
1384 890 1561 945 tenes
1596 882 1661 943 in
1697 902 1826 956 ore,

720 980 968 1045 fructus
1004 976 1270 1062 proicies
1306 975 1535 1040 amoris
1572 996 1820 1038 omnes:

724 1073 995 1137 verbosa
1029 1069 1268 1155 gaudet
1300 1068 1521 1134 Venus
1557 1067 1851 1151 loquella.

724 1167 846 1242 vel,
883 1164 935 1229 si
970 1164 1086 1240 vis,
1121 1162 1270 1228 licet
1303 1162 1558 1226 obseres
1595 1161 1901 1246 palatum,

725 1250 881 1323 dum
916 1257 1115 1322 nostri
1151 1253 1237 1321 sis
1271 1255 1588 1341 particeps
1624 1254 1873 1319 amoris.

1311 1603 1494 1670 LVI.

729 1726 796 1799 Ο
834 1748 968 1791 rem
1001 1723 1353 1799 ridiculam,
1392 1719 1577 1797 Cat0,
1616 1729 1679 1787 et
1711 1718 1990 1784 iocosam
2141 1706 2332 1872 {5³²

732 1820 1119 1905 dignamque
1155 1816 1413 1882 auribus
1449 1824 1513 1880 et
1548 1826 1656 1878 tuo
1694 1812 2021 1878 cachinnO.

731 1913 888 1989 ride,
925 1910 1233 1995 quidquid
1269 1932 1466 1983 amas,
1503 1905 1689 1983 Cato,
1728 1906 2080 1972 Catullumz

733 2029 835 2071 res
871 2018 966 2071 est
999 2005 1264 2069 ridicula
1299 2013 1364 2067 et
1396 2002 1582 2066 nimis
1618 2002 1847 2065 iocosa.

706 2096 1039 2184 (deprendi
1071 2097 1260 2180 modo
1295 2095 1603 2180 pupulum
1642 2092 1889 2178 puellae

732 2202 1110 2258 trusantem:
1146 2189 1315 2264 hunc
1344 2210 1483 2272 eg0,
1522 2187 1574 2251 si
1600 2188 1808 2272 placet
1841 2184 2111 2260 Dionae,

669 2367 681 2374 ᾖ
736 2286 980 2374 protelo
1015 2282 1222 2369 rigida
1256 2304 1398 2346 mea
1433 2281 1652 2346 cecidi.
2165 2275 2170 2278 ’

1304 2631 1524 2696 nvn
2117 2670 2136 2731 ζ
2301 2692 2310 2702 ,,

739 2755 972 2822 Pulcre
1007 2751 1303 2817 convenit
1334 2748 1617 2835 inprobis
1654 2745 1952 2822 cinaedis,
1981 2797 1989 2805 .

740 2851 1113 2925 Mamurrae
1147 2844 1526 2932 pathicoque
1562 2840 1968 2921 Caesarique.

741 2965 861 3009 nec
892 2942 1156 3029 mirum:
1202 2938 1489 3019 maculae
1523 2957 1708 3019 pares
1742 2934 2045 3016 utrisque,

740 3037 987 3100 urbana
1021 3035 1221 3098 altera
1257 3042 1320 3096 et
1353 3030 1471 3109 illa¹
1495 3026 1856 3103 Formiana,
1949 3075 1959 3085 .

743 3130 1065 3214 inpressae
1100 3125 1378 3191 resident
1408 3143 1529 3187 nec
1564 3122 1882 3199 eluentur:
1925 3126 1930 3132 ’

745 3220 1024 3287 morbosi
1059 3219 1293 3304 pariter
1328 3214 1580 3303 gemelli
1616 3212 1886 3296 utrique,

742 3336 873 3381 uno
908 3314 976 3378 in
1007 3307 1629 3378 lecticuloerudituli
1664 3308 1873 3384 ambo,

745 3431 874 3474 non
908 3406 1011 3471 hic
1045 3428 1238 3489 quam
1272 3404 1388 3473 ille„
1402 3401 1605 3488 magis
1634 3423 1832 3468 vorax
1858 3398 2124 3476 adulter,

744 3502 972 3587 rivales
1007 3501 1161 3567 socii
1193 3498 1636 3585 puellularum.

742 3597 962 3684 pulcre
998 3593 1292 3661 convenit
1324 3589 1605 3676 inprobis
1642 3586 1940 3655 cinaedis.

1004 4041 1008 4045 ‚
1212 4004 1225 4015 f
1289 3888 1556 4005 v1'2v'111.
1590 4006 1593 4009 ,

753 4061 959 4138 Caeli,
991 4058 1232 4125 Lesbia
1264 4066 1509 4132 nostra,
1535 4054 1777 4119 Lesbia
1807 4053 1937 4130 illa,

746 4157 865 4235 illa
898 4154 1138 4231 Lesbia
1172 4170 1364 4235 quam
1401 4146 1695 4214 Catullus
1731 4168 1924 4212 unam

755 4251 897 4336 plus
934 4270 1127 4334 quam
1163 4269 1230 4312 se
1259 4255 1449 4329 atque
1478 4266 1626 4308 suos
1654 4242 1890 4307 amavit
1915 4244 2154 4317 omnes,

2457 604 2527 659 15

2476 3600 2550 3657 10
