3225 5171
1216 444 1228 452 ’
1248 439 1480 494 LIBER

603 562 813 627 iocum
850 583 953 625 me
989 570 1174 645 putat
1196 584 1345 644 ,esse
1381 561 1656 627 moecha'
1681 562 1883 648 turpis

600 667 667 721 et
699 665 894 740 negat
924 655 1082 719 mihi
1116 665 1332 720 nostra
1366 656 1757 720 reddituram

601 749 955 836 pugillaria,
992 750 1047 813 si
1081 750 1213 834 pati
1247 750 1532 835 potestis.
1576 807 1579 810 ,

602 865 1056 928 persequamur
1091 866 1252 920 eam,
1290 852 1354 909 et
1387 844 1832 928 reflagitemuS.

600 958 765 1021 quae
802 938 883 1001 sit
917 937 1253 1020 quaeritis?
1319 938 1428 1001 illa
1464 959 1657 1020 quam
1690 936 1919 1002 videtis

599 1042 786 1116 turpe
822 1032 1133 1107 incedere,
1178 1031 1429 1095 mimice
1465 1052 1541 1095 ac
1575 1031 1837 1096 moleste

601 1125 911 1190 ridentem
946 1124 1140 1189 catuli
1175 1147 1283 1189 ore
1321 1122 1656 1189 Gallicani.

600 1218 1038 1288 circumsistite
1074 1241 1237 1295 eam,
1273 1228 1338 1283 et
1370 1218 1746 1302 reflagitate,

602 1311 900 1378 ‘moecha
934 1312 1176 1398 putida,
1211 1312 1403 1377 redde
1441 1311 1785 1387 codicillos,
1830 1319 1834 1325 '

602 1406 818 1483 redde,
854 1406 1076 1490 putida
1111 1407 1396 1481 moecha,
1434 1404 1796 1469 codicillos.’

603 1520 731 1562 non
766 1499 923 1563 assis
942 1499 1145 1563 “facit?
1190 1520 1227 1562 o
1261 1499 1486 1574 lutum,
1521 1499 1811 1583 lupanar,

603 1602 715 1656 aut
743 1593 802 1656 'si
837 1592 1143 1677 perditius
1177 1602 1384 1678 potest
1418 1591 1573 1675 quid
1607 1613 1765 1656 esse.

605 1685 716 1749 sed
751 1707 880 1750 non
916 1696 1012 1751 est
1045 1696 1258 1751 tamen
1292 1685 1414 1749 hoc
1450 1685 1599 1749 satis
1638 1682 2014 1770 putandum.

604 1780 782 1861 quod
815 1780 870 1843 si
904 1801 1033 1844 non
1067 1780 1240 1844 aliud
1274 1789 1505 1863 potest,
1539 1778 1838 1843 ruborem

529 1919 533 1924 ·
606 1874 814 1937 ferreo
846 1874 1020 1937 canis
1056 1874 1480 1959 exprimamus
1518 1894 1646 1938 ore.

604 1967 994 2031 conclamate
1030 1968 1258 2032 iterum
1295 1967 1517 2031 altiore
1553 1987 1709 2030 voce
1789 1997 1790 2000 ¹

606 2060 902 2126 ‘moecha
935 2061 1178 2146 putida,
1214 2061 1408 2125 redde
1445 2059 1787 2135 codicillos,

606 2155 820 2231 redde,
856 2155 1078 2240 putida
1110 2155 1394 2230 moecha,
1432 2152 1793 2217 codicillos?

607 2249 721 2312 se'd
755 2249 845 2312 nil
880 2248 1264 2333 proficimus,
1299 2246 1456 2311 nihil
1492 2256 1803 2311 movetur.
1880 2276 1902 2313 .·

607 2342 912 2406 mutanda
946 2352 1044 2406 est
1076 2342 1235 2405 ratio
1271 2341 1627 2424 modusque
1662 2338 1864 2414 vobis,

608 2433 818 2517 siquid
851 2435 1156 2520 proficere
1192 2435 1462 2519 amplius
1497 2434 1779 2519 potestis,

604 2528 872 2615 ‘pudica
905 2540 969 2596 et
1003 2530 1223 2616 proba,
1258 2528 1451 2595 redde
1489 2526 1848 2594 codicillos.'

1241 2877 1507 2942 XLIII.

697 2995 909 3072 Salve,
946 3020 1064 3063 nec
1098 2998 1358 3061 minimo
1395 2994 1610 3081 puella
1643 3014 1799 3058 naso
1826 3052 1852 3059 ,,
1955 3032 1958 3057 ;

697 3110 815 3153 nec
849 3091 1017 3155 bello
1053 3091 1216 3175 pede
1251 3112 1368 3155 nec
1402 3089 1599 3172 nigris
1636 3085 1852 3151 ocellis
1915 3118 1921 3121 ·

696 3204 816 3247 nec
849 3183 1058 3268 longis
1095 3183 1307 3268 digitis
1342 3203 1461 3247 nec
1496 3203 1604 3246 ore
1639 3181 1807 3244 sicco

693 3298 812 3341 nec
847 3299 999 3341 sane
1033 3277 1221 3341 nimis
1256 3278 1545 3361 elegante
1579 3274 1821 3359 lingua,

696 3370 1040 3437 decoctoris
1075 3370 1280 3435 amica
1312 3368 1654 3433 Formiani.

696 3473 801 3529 ten
834 3464 1158 3549 provincia
1190 3473 1405 3528 narrat
1438 3485 1574 3529 esse
1609 3460 1883 3526 bellam?

695 3567 905 3621 tecum
941 3557 1181 3622 Lesbia
1215 3567 1428 3621 nostra
1454 3554 1876 3639 conparatur?

693 3671 732 3715 o
768 3653 1045 3717 saeclum
1079 3651 1397 3735 insapiens
1434 3661 1498 3715 et
1530 3645 1907 3713 infacetum!

1243 3997 1503 4064 XLIV.
1566 4030 1571 4033 2

485 4115 552 4180 O
590 4116 785 4197 funde
820 4128 1033 4182 noster
1068 4109 1181 4183 seu
1219 4115 1458 4182 Sabine
1493 4138 1607 4181 seu
1641 4116 1877 4181 Tiburs
1937 4153 1941 4156 <

482 4209 680 4307 (namq
699 4222 760 4275 te
798 4234 935 4277 esse
969 4211 1304 4277 Tiburtem
1336 4218 1702 4333 autuman&
1730 4210 1963 4293 quibus
1997 4231 2123 4275 non
2158 4221 2256 4277 est

2299 426 2400 498 23⁸

2424 1233 2493 1289 10

2425 1699 2494 1766 15
