3225 5171
1129 503 1537 547 PROLEGOMRN
1540 504 1581 544 A
2296 502 2452 544 XCIII

264 645 368 684 sar
418 626 484 683 in
531 620 734 684 Gallia
776 623 988 682 absens
1033 624 1175 682 istos
1229 622 1303 682 de
1350 623 1652 682 Mamurra
1693 621 2029 695 versiculos,
2077 622 2290 702 quibus
2334 624 2449 683 sibi

268 710 665 787 ignominiam
709 712 965 766 inustam
1009 708 1409 786 profitebatur,
1466 708 1636 766 aliter
1678 728 1856 787 quam
1899 727 2005 786 per
2040 707 2377 785 exemplum
2413 727 2450 765 a

269 797 469 855 nescio
523 815 638 874 quo
693 795 1110 871 transcriptum
1162 800 1221 851 et
1271 795 1335 851 in
1378 795 1748 871 provinciam
1798 794 2041 851 missum
2096 812 2450 869 cognoscere

270 886 517 958 poterat.
604 878 714 936 tali
764 880 950 954 igitur
1001 886 1302 957 tamquam
1353 880 1584 956 privato
1639 877 1915 937 editionis
1968 896 2186 954 genere
2238 881 2290 934 si
2342 877 2448 935 ali-

269 962 558 1043 quamdiu
603 970 912 1022 contentus
957 970 1083 1021 erat
1127 962 1411 1035 CatulluS,
1456 962 1703 1040 parebat
1746 963 2098 1036 necessitati,
2148 982 2279 1021 cum
2325 982 2446 1021 non

270 1051 550 1108 continuo
586 1048 937 1107 brevissima
972 1065 1239 1126 quaeque
1282 1048 1653 1107 librariorum
1691 1068 1831 1106 cura
1864 1048 2158 1126 publicari
2193 1054 2446 1125 possent.

269 1153 478 1193 verum
519 1133 626 1192 ubi
677 1132 935 1191 habebat
979 1132 1190 1211 quibus
1243 1133 1522 1191 volumen
1567 1132 1724 1192 soliti
1770 1133 2026 1191 ambitus
2078 1131 2448 1211 conpleretur

271 1238 460 1299 eaque
494 1217 748 1299 quodam
786 1219 1151 1294 cognationis
1186 1217 1426 1276 vinculo
1461 1220 1615 1276 inter
1658 1237 1720 1276 se
1754 1219 1973 1290 iuncta,
2017 1238 2123 1277 cur
2158 1218 2232 1276 ab
2270 1217 2446 1277 eden·

271 1303 363 1363 dis
408 1308 493 1363 eis
538 1313 659 1362 tam
704 1302 806 1361 diu
852 1303 1222 1361 abhorruerit
1264 1301 1508 1361 difficile
1553 1310 1642 1361 est
1686 1304 2042 1378 cogitatione
2087 1303 2445 1381 conprehen-

271 1388 424 1448 dere.
514 1408 594 1447 an
636 1396 703 1447 tu
746 1407 881 1447 eum
925 1407 1136 1466 parum
1181 1388 1458 1446 habuisse
1510 1387 1764 1447 fiduciae
1818 1389 1909 1446 sui
1963 1386 2305 1447 arbitraris?
2384 1395 2447 1446 at

271 1481 443 1533 vetus
493 1474 624 1531 laus
667 1473 916 1551 Nepotis
962 1480 1118 1532 certe
1169 1475 1430 1531 animum
1479 1475 1535 1531 ei
1582 1472 1802 1531 addere
1845 1472 2052 1531 debuit
2093 1491 2204 1531 nec
2248 1475 2442 1531 minus

271 1560 594 1618 amicorum
629 1557 981 1636 exemplum,
1018 1565 1085 1616 ut
1121 1558 1350 1618 Cinnae
1386 1566 1443 1617 et
1479 1557 1669 1629 Calvi,
1718 1578 1965 1638 quorum
2000 1557 2234 1616 libellos
2268 1557 2444 1616 modo

264 1643 458 1702 editos
500 1646 626 1722 ipse
671 1644 935 1702 versibus
972 1641 1469 1702 commendandos
1515 1645 1786 1721 suscepit.
1856 1661 2056 1701 nonne
2098 1645 2281 1719 igitur
2314 1663 2445 1721 pro·

268 1728 470 1788 babile
505 1738 595 1787 est
628 1727 947 1801 Catullum,
992 1731 1333 1806 priusquam
1369 1748 1588 1787 novam
1630 1729 1801 1807 quasi
1842 1729 2028 1785 vitam
2062 1728 2443 1787 incohaturus

268 1816 335 1871 in
367 1814 726 1891 longinquas
760 1811 944 1872 Asiae
979 1816 1250 1889 regiones
1284 1815 1396 1871 iter
1431 1812 1672 1885 subiret,
1719 1807 1980 1872 carmina
2015 1811 2093 1870 ad
2126 1811 2190 1870 id
2225 1815 2443 1891 scripta

269 1905 376 1956 aut
410 1896 617 1956 saltem
652 1899 874 1975 optima
909 1917 1110 1957 eorum
1144 1901 1574 1977 praecipueque
1611 1917 1682 1955 ea
1716 1916 1868 1976 quae
1902 1896 1981 1954 ad
2015 1916 2273 1955 amorem
2300 1898 2442 1956 Les-

267 1982 408 2041 biae
441 1984 800 2060 pertinerent
836 1982 1081 2041 collecta
1116 2002 1186 2040 ac
1222 1981 1504 2060 disposita
1548 1984 1611 2039 in
1647 1981 1863 2057 vulgus
1899 1981 2200 2040 emisisse?
2268 2001 2441 2059 porro

268 2088 412 2126 num
458 2069 783 2125 existimari
832 2075 1027 2146 potest
1073 2075 1249 2144 poeta
1299 2065 1461 2125 haud
1514 2065 1763 2124 multum
1814 2073 1948 2144 post
1998 2067 2351 2143 inpetratam
2403 2087 2441 2124 a

269 2152 526 2212 Caesare
570 2154 897 2211 carminum
939 2153 1177 2210 veniam
1222 2153 1391 2230 quasi
1432 2150 1849 2210 reconciliatae
1892 2152 2120 2226 gratiae
2163 2150 2439 2210 inludens

265 2237 485 2296 librum
519 2236 775 2296 edidisse
807 2240 873 2294 in
909 2256 1024 2314 quo
1061 2237 1274 2307 omnia,
1310 2253 1714 2314 quaecumque
1743 2237 1807 2293 in
1842 2237 2253 2313 imperatorem
2289 2238 2439 2295 eius-

267 2340 382 2405 que
419 2321 813 2380 adsectatores
850 2319 1269 2379 contumeliose
1313 2320 1559 2392 dixerat,
1608 2319 1689 2378 ad
1723 2319 2060 2379 diuturnam
2093 2324 2439 2380 memoriam

267 2413 550 2483 congesta
574 2403 892 2481 leguntur?
928 2404 1086 2483 quod
1112 2404 1349 2483 quidem
1377 2404 1526 2465 adeo
1552 2406 1800 2481 cogitari
1825 2408 2030 2484 nequit
2053 2413 2137 2477 ut,
2159 2409 2210 2464 si
2235 2414 2438 2465 tamen

267 2499 481 2551 cuncta
516 2490 858 2550 Catulliana
892 2499 1159 2568 putarem
1184 2510 1304 2548 una
1331 2488 1490 2548 edita
1526 2508 1669 2561 esse,
1707 2488 1771 2547 id
1798 2498 1935 2549 ante
1963 2490 2438 2568 deprecationem

265 2584 477 2657 poetae
526 2576 750 2635 factum
803 2596 927 2635 esse
983 2574 1403 2648 concluderem,
1467 2574 1772 2655 fateorque
1821 2596 1916 2636 me
1968 2596 2198 2655 semper
2258 2598 2437 2656 quam

265 2664 525 2722 maxime
559 2663 833 2720 miratum
868 2680 993 2721 esse
1037 2681 1151 2740 quo
1188 2661 1362 2720 modo
1399 2660 1742 2721 Schwabius
1778 2663 1893 2721 sibi
1935 2666 2289 2740 persuaserit
2326 2661 2436 2721 Ca-

265 2748 494 2820 tullum,
541 2754 850 2827 postquam
894 2748 1052 2804 intra
1093 2765 1322 2806 menses
1367 2747 1511 2805 anni
1559 2743 1789 2823 700l54
1832 2749 2054 2825 priores
2101 2768 2137 2805 a
2179 2747 2436 2807 Caesare

263 2836 504 2892 veniam
555 2850 830 2891 versuum
881 2832 1390 2890 acerbissimorum
1443 2834 1788 2909 accepisset,
1844 2830 2048 2890 eodem
2102 2851 2258 2890 anno
2311 2833 2436 2892 fere

261 2917 459 2977 medio
493 2917 710 2975 librum
744 2937 913 2975 suum
938 2919 1002 2975 in
1030 2916 1222 2976 lucem
1249 2917 1512 2975 emisisse
1538 2914 1784 2994 (quaest.
1807 2915 1934 2975 Cat.
1963 2936 2019 2993 p.
2043 2917 2163 2974 237
2187 2925 2245 2976 et
2266 2914 2432 2992 297).

391 3004 504 3073 Ita,
525 3020 889 3079 quocumque
916 3004 1217 3072 vertimur,
1245 3003 1309 3079 in
1337 3002 1626 3058 maximas
1659 2999 2037 3059 difficultates
2062 3003 2432 3074 incurrimus,

262 3089 382 3147 nisi
426 3084 672 3160 vulgata
717 3088 993 3162 opinione
1029 3085 1258 3145 abiecta
1299 3084 1565 3143 libellum
1604 3083 1878 3145 Cornelio
1913 3086 2136 3164 Nepoti
2173 3086 2433 3145 dicatum

260 3177 494 3253 partem
517 3177 747 3227 tantum
775 3172 1097 3229 carminum
1124 3170 1297 3229 nobis
1323 3178 1687 3228 servatorum
1716 3173 2076 3229 continuisse
2103 3175 2431 3232 statuimus.

262 3255 369 3317 sed
422 3274 600 3335 quam
640 3253 908 3332 partem?
976 3254 1086 3312 hoc
1128 3275 1245 3334 quo
1298 3257 1492 3313 minus
1537 3263 1693 3314 certo
1740 3255 2090 3315 definiamus
2143 3259 2253 3316 etsi
2304 3260 2434 3337 ipsa

262 3343 524 3419 corporis
561 3337 638 3398 ad
682 3358 789 3396 nos
825 3341 1136 3416 propagati
1172 3338 1456 3412 condicio,
1504 3339 1576 3399 de
1612 3361 1731 3420 qua
1765 3344 1907 3400 satis
1944 3349 2120 3400 antea
2155 3341 2431 3416 diximuS,

262 3424 552 3507 prohibet,
605 3431 805 3483 tamen
857 3422 1082 3501 aliquid
1133 3442 1204 3482 ea
1247 3422 1321 3482 de
1362 3444 1428 3482 re
1470 3428 1799 3501 generatim
1849 3425 2086 3485 videtur
2137 3428 2434 3506 explorari

262 3530 450 3590 posse.
532 3516 710 3588 atque
762 3510 872 3567 isto
927 3507 1127 3567 libello
1179 3528 1300 3568 non
1352 3509 1756 3587 conprehensa
1807 3509 1990 3570 fuisse
2042 3514 2159 3570 nisi
2203 3515 2434 3571 minora

262 3602 539 3675 poemata
577 3594 771 3673 lyrica
815 3612 888 3652 ex
934 3613 1227 3669 nugarum
1262 3592 1658 3673 adpellatione
1701 3598 1820 3653 iam
1856 3615 2034 3673 supra
2069 3596 2432 3672 collegimus.

261 3699 472 3739 verum
507 3698 584 3739 ne
619 3678 695 3738 de
730 3678 1000 3737 omnibus
1036 3681 1274 3737 omnino
1310 3679 1676 3738 brevioribus
1714 3681 2071 3739 carminibus
2108 3685 2435 3757 cogitemus

266 3765 382 3825 duo
427 3764 545 3823 loci
586 3763 814 3823 faciunt
845 3764 1154 3835 MartiaIiS,
1201 3762 1267 3821 id
1311 3762 1469 3843 quod
1513 3767 1834 3823 rectissime
1866 3773 2238 3843 perspectum
2274 3777 2364 3826 est
2396 3788 2435 3825 a

261 3852 530 3911 Brunero
572 3870 629 3928 p.
669 3850 791 3907 606
821 3869 894 3908 ss.
949 3852 1416 3928 epigrammaton
1459 3849 1551 3908 IV
1589 3851 1667 3906 14
1713 3853 1873 3908 enim
1924 3850 2022 3909 hic
2064 3859 2240 3929 poeta
2284 3850 2434 3911 Silio

262 3935 477 3995 Italico
513 3933 800 4015 quosdam
832 3934 1063 3993 libellos
1090 3954 1222 3992 suos
1251 3932 1664 3993 Saturnalibus
1701 3934 1854 3993 dono
1883 3938 2079 4007 mittit,
2117 3957 2264 4015 quos
2298 3957 2434 3996 cum

261 4021 435 4089 illum
471 4021 743 4097 seposita
761 4022 1070 4080 severitate
1103 4019 1300 4096 legere
1332 4021 1582 4091 iusserit,
1620 4021 1685 4077 in
1720 4027 1981 4079 extremo
2019 4024 2277 4082 carmine
2322 4022 2433 4081 ‘sic

263 4104 510 4177 forsan',
547 4106 755 4183 inquit,
795 4105 988 4165 ‘tener
1015 4124 1190 4165 ausus
1219 4112 1307 4163 est
1332 4103 1599 4163 Catullus
1626 4105 1848 4180 Magno
1876 4108 2105 4165 mittere
2138 4126 2435 4185 passerem

264 4191 503 4249 Maroni
516 4188 549 4261 ',
587 4189 860 4269 idemque
893 4190 992 4249 XI
1028 4192 1063 4248 6
1105 4191 1182 4247 16
1220 4207 1401 4268 puero
1449 4189 1684 4249 cuidam
1731 4189 1980 4249 delicato
2014 4191 2311 4252 basiorum
2346 4196 2435 4252 in-

261 4274 724 4335 numerabilium
757 4279 1085 4354 praemium
1122 4275 1442 4354 ‘passerem
1469 4274 1719 4335 Catulli’
1756 4294 1884 4335 sese
1921 4274 2271 4337 donaturum
2307 4297 2437 4338 esse
