3225 5171
752 433 854 496 niv
1619 449 2073 493 PssonnoormNA

751 575 1006 652 primum
1050 587 1176 630 esse
1220 568 1431 629 iudico.
1503 569 1590 628 ibi
1634 571 1794 629 enim
1838 569 1995 628 illius
2037 569 2238 647 lepore
2280 567 2627 649 facetiisque
2669 567 2819 630 adeo
2864 589 2928 630 se

751 662 1057 717 incensum
1093 674 1218 714 esse
1263 654 1572 715 confitetur
1614 662 1681 713 ιιι
1715 653 1953 714 ᾶοιιιιιιιι
1992 673 2261 714 reversus
2307 654 2630 733 cupiditate
2671 659 2926 714 amicum

751 742 1050 802 revisendi
1084 759 1161 800 ne
1187 760 1457 798 somnum
1481 739 1722 819 quidem
1759 759 1969 818 capere
1995 747 2204 817 posset,
2244 757 2495 818 eumque
2521 743 2771 819 inpense
2799 749 2927 800 orat

752 836 817 886 ut
853 826 1131 886 desiderii
1167 827 1257 884 sui
1284 824 1564 904 explendi
1591 824 1706 883 sibi
1732 823 1916 883 faciat
1941 828 2187 903 copiam,
2225 843 2376 903 quae
2404 827 2603 883 omnia
2628 832 2925 885 recentem

752 921 895 970 tunc
932 914 1406 970 coniunctionem
1440 910 1720 969 videntur
1752 909 2031 968 indicare.
2103 910 2240 967 huic
2277 912 2525 967 carmini
2561 914 2926 988 epigramma

751 997 958 1057 XCVI
994 996 1235 1068 subici0,
1272 995 1428 1075 quod
1464 994 1540 1053 ad
1574 1002 1819 1054 mortem
1854 995 2116 1053 mulieris
2144 1014 2180 1051 a
2208 993 2394 1053 Calvo
2421 1002 2652 1054 amatae
2687 999 2925 1055 nomine

754 1081 1083 1156 Quintiliae
1125 1077 1396 1159 pertinet.
1469 1083 1594 1139 eius
1639 1080 1848 1139 funera
1891 1082 2084 1158 ipsum
2120 1078 2372 1138 Calvum
2415 1079 2598 1156 elegis
2644 1084 2925 1140 cecinisse

751 1168 1093 1246 Propertius
1128 1167 1229 1225 ΠΙ
1264 1168 1345 1224 34
1383 1166 1463 1222 90
1509 1164 1598 1225 ed.
1646 1164 1891 1223 Lachm.
1935 1168 2098 1223 testis
2143 1174 2244 1223 est.
2316 1167 2436 1222 iam
2482 1185 2615 1224 cum
2659 1166 2925 1225 Catullus

754 1256 1177 1332 epigrammate
1221 1271 1326 1309 suo
1373 1248 1741 1323 Quintiliam,
1789 1253 1839 1307 si
1882 1248 2025 1328 quid
2068 1251 2225 1325 grati
2268 1252 2507 1308 omnino
2555 1249 2847 1310 defunctis
2890 1271 2925 1309 a

754 1338 956 1397 dolore
992 1336 1399 1415 desiderioque
1435 1338 1812 1412 superstitum
1846 1333 2113 1393 accidere
2145 1337 2345 1412 possit,
2392 1355 2512 1393 non
2555 1344 2678 1394 tam
2720 1340 2925 1394 imma-

751 1432 885 1482 tura
920 1430 1104 1481 morte
1141 1441 1247 1479 sua
1283 1420 1479 1478 dolere
1505 1439 1685 1498 quam
1720 1438 1917 1478 amore
1938 1418 2108 1478 Calvi
2134 1418 2394 1496 gaudere
2423 1424 2705 1493 enuntiet,
2742 1424 2925 1479 mani-

753 1508 901 1567 festo
946 1506 1024 1565 ad
1066 1506 1342 1582 lugubria
1394 1508 1570 1563 amici
1617 1504 1691 1563 de
1736 1504 1900 1563 obitu
1954 1507 2079 1563 eius
2123 1503 2387 1563 mulieris
2440 1509 2702 1564 carmina
2753 1505 2924 1564 modo

752 1593 914 1651 edita
964 1594 1221 1669 respicit,
1274 1589 1773 1669 probabiliterque
1827 1609 1989 1668 spem
2042 1588 2115 1647 ab
2168 1592 2297 1667 ipso
2346 1589 2646 1667 elegorum
2690 1599 2926 1650 auctore

753 1677 1111 1736 declaratam
1162 1679 1275 1734 isto
1327 1674 1503 1734 modo
1555 1675 1902 1734 confirmare
1953 1673 2158 1732 voluit.
2237 1694 2377 1732 nam
2427 1674 2610 1735 verba
2664 1675 2839 1735 Calvi
2891 1695 2926 1733 a

753 1762 1023 1823 Charisio
1066 1782 1122 1872 1).
1172 1761 1288 1818 101
1327 1760 1406 1818 K.
1454 1767 1688 1820 servata
1730 1759 1912 1819 haece
1959 1758 2233 1818 ‘forsitan
2285 1758 2396 1818 hoc
2442 1764 2620 1818 etiam
2673 1760 2927 1838 gaudeat

751 1852 882 1927 ipsa
919 1846 1093 1904 cinis‘
1139 1844 1233 1921 (fr.
1274 1847 1351 1902 17
1398 1843 1488 1904 ed.
1526 1845 1596 1902 L.
1636 1842 1867 1920 Muell.)
1904 1844 2130 1920 elegiae
2173 1846 2238 1901 in
2276 1842 2630 1917 Quintiliam
2675 1849 2926 1925 scriptae

752 1934 1060 2010 desumpta
1094 1949 1221 1990 esse
1255 1929 1676 1989 Lachmannus
1713 1929 1790 1988 ad
1816 1930 2079 2010 Propert.
2114 1950 2170 2007 p.
2203 1930 2321 1985 141
2361 1929 2522 1988 haud
2558 1930 2738 1990 dubie
2770 1938 2926 1990 recte

752 2021 1078 2097 suspicatus
1123 2022 1227 2075 est.
1297 2015 1418 2074 vid.
1462 2024 1768 2093 praeterea
1801 2014 2103 2093 Hauptius
2146 2034 2340 2093 opusc.
2377 2016 2428 2087 Ι,
2464 2036 2521 2094 p.
2560 2018 2684 2074 214
2714 2035 2778 2088 s.,
2826 2018 2928 2095 qui

752 2105 1193 2182 epigrammatis
1229 2100 1554 2161 Catulliani
1588 2104 1877 2159 rationem
1910 2098 2092 2178 probe
2137 2104 2452 2178 perspexit.
2524 2100 2598 2160 de
2633 2100 2927 2175 Quintilia

751 2189 904 2247 nihil
949 2186 1190 2245 aliunde
1234 2185 1406 2245 nobis
1458 2192 1680 2245 notum.
1754 2183 1858 2244 sed
1911 2205 2045 2243 cum
2088 2184 2340 2245 Calvum
2387 2189 2639 2245 sciamus
2683 2205 2927 2246 uxorem

750 2273 1045 2344 habuisse,
1069 2271 1144 2329 ad
1163 2292 1341 2350 quam
1360 2271 1647 2349 epistulae
1666 2273 1791 2329 eius
1808 2269 2156 2329 adferuntur
2174 2290 2210 2327 a
2228 2270 2520 2330 Diomede
2539 2292 2594 2349 p.
2610 2273 2730 2329 376
2751 2272 2830 2330 Κ.
2844 2300 2930 2312 -·

754 2377 945 2436 neque
991 2359 1149 2414 enim
1193 2376 1226 2414 e
1268 2374 1513 2414 numero
1560 2358 1909 2434 scriptorum
1952 2355 2039 2414 ibi
2079 2353 2454 2414 laudatorum
2498 2355 2751 2416 Calvum
2797 2377 2930 2415 cum

752 2443 1015 2501 Henrico
1044 2440 1246 2499 Keilio
1282 2443 1651 2513 removerim,
1691 2461 2045 2519 quamquam
2079 2440 2262 2499 verba
2296 2445 2670 2516 grammatici
2705 2440 2931 2521 aliquid

753 2526 954 2588 mendi
990 2529 1354 2585 contraxisse
1390 2532 1610 2584 certum
1658 2533 1746 2585 est
1778 2555 1879 2598 —,
1925 2524 2076 2583 nihil
2120 2525 2354 2584 videtur
2398 2546 2609 2585 causae
2655 2546 2782 2588 esse
2827 2547 2931 2587 cur

755 2614 830 2673 de
882 2613 1001 2671 alia
1053 2611 1299 2671 muliere
1351 2615 1694 2688 cogitemus„
1747 2614 1969 2690 vixque
2019 2610 2138 2683 ille,
2192 2619 2259 2669 ut
2311 2610 2656 2671 Schwabius
2702 2635 2755 2692 p.
2806 2613 2926 2671 265

753 2702 997 2771 monuit,
1042 2700 1292 2755 amicam
1324 2700 1391 2756 in
1428 2696 1786 2755 carminibus
1822 2714 1961 2755 vero
1997 2699 2235 2755 nomine
2270 2695 2670 2775 adpellaturus
2704 2696 2929 2756 fuisset.

684 2782 689 2787 ’
752 2805 924 2864 porro
972 2804 1019 2842 c.
1055 2783 1209 2842 XIV
1252 2789 1319 2841 ut
1363 2781 1642 2841 scriberet
1686 2780 1955 2841 Catullus
2001 2779 2393 2840 Saturnalicio
2437 2784 2566 2841 ioco
2611 2782 2786 2843 Calvi
2830 2781 2934 2840 ad·

753 2870 960 2929 ductus
997 2876 1100 2939 est,
1150 2872 1251 2947 qui
1286 2866 1555 2926 libellum
1589 2886 1747 2925 nova
1790 2869 2175 2945 pessimorum
2209 2867 2579 2945 quorundam
2621 2876 2929 2947 poetarum

754 2954 1034 3033 opuscula
1071 2957 1471 3012 continentem
1507 2951 1584 3010 ad
1620 2952 1876 3010 amicum
1910 2954 2164 3010 miserat.
2233 2950 2299 3008 id
2332 2955 2517 3028 igitur
2562 2952 2780 3011 donum
2820 2952 2933 3013 Ca-

753 3040 932 3099 tullus
967 3036 1173 3098 eodem
1210 3036 1682 3097 saturnaliorum
1717 3036 1812 3096 die
1847 3038 2073 3095 remisit
2108 3034 2326 3095 additis
2364 3036 2455 3095 his
2487 3036 2932 3116 hendecasylla-

750 3126 859 3196 bis,
912 3128 976 3182 in
1021 3124 1252 3202 quibuS,
1306 3131 1372 3181 ut
1416 3121 1668 3181 Calvum
1710 3122 2082 3180 familiariter
2125 3128 2340 3200 carpat,
2397 3141 2503 3199 pro
2550 3131 2707 3181 certo
2752 3126 2933 3181 sumit

753 3230 888 3269 eum
922 3208 1229 3267 horribilia
1261 3210 1376 3265 ista
1409 3214 1685 3285 poemata
1719 3226 1755 3264 a
1791 3206 2005 3265 cliente
2032 3205 2287 3285 quodam
2323 3210 2634 3286 accepisse,
2674 3211 2933 3286 suspica-

752 3303 962 3373 turque
998 3312 1211 3351 munus
1247 3311 1283 3348 a
1318 3291 1484 3350 Sulla
1518 3290 1842 3350 litteratore
1878 3291 2082 3349 datum
2117 3310 2244 3349 esse
2280 3299 2338 3350 et
2372 3296 2561 3351 amico
2601 3293 2933 3369 gratulatur

754 3378 913 3458 quod
964 3385 1088 3436 tam
1132 3375 1317 3453 digna
1367 3375 1669 3435 laboribus
1723 3379 1843 3434 suis
1894 3379 2160 3454 praemia
2213 3379 2422 3455 capiat.
2495 3396 2646 3455 quae
2690 3377 2934 3456 quidem

755 3463 1054 3523 cavillatio
1090 3481 1232 3520 sane
1267 3464 1578 3537 ingeniosa
1606 3468 1709 3533 est,
1748 3464 2027 3540 quoniam
2056 3470 2284 3519 constat
2312 3461 2743 3534 Saturnalibus,
2784 3467 2935 3521 sicut

754 3551 959 3608 amicis
1004 3548 1078 3607 ab
1125 3550 1346 3619 amicis,
1400 3549 1485 3604 ita
1529 3550 1708 3605 etiam
1757 3550 2020 3625 patronis
2064 3566 2101 3603 a
2143 3545 2455 3605 clientibus
2500 3550 2655 3605 varii
2700 3550 2936 3623 generis

754 3633 1101 3694 munuscula
1153 3633 1349 3692 offerri
1401 3631 1574 3689 solita
1627 3651 1770 3690 esse.
1843 3630 1996 3691 conf.
2042 3630 2292 3691 Prelleri
2343 3631 2588 3709 mythol.
2634 3632 2806 3691 Rom.
2850 3632 2935 3704 Π,

755 3743 808 3800 p.
851 3722 928 3778 17
967 3719 1104 3779 edit.
1140 3721 1350 3777 tertiae
1386 3717 1459 3775 ab
1496 3717 1574 3774 H.
1612 3716 1868 3776 Iordano
1917 3723 2168 3775 curatae.
2238 3719 2593 3794 perspicitur
2627 3725 2825 3776 autem
2861 3735 2940 3776 ex

752 3809 883 3865 istis
917 3806 1114 3864 verbis
1152 3802 1404 3863 Calvum
1441 3820 1508 3860 eo
1543 3804 1673 3881 ipso
1708 3808 1972 3880 tempore
2015 3804 2082 3858 in
2118 3820 2295 3859 causa
2331 3801 2533 3880 aliqua
2574 3800 2941 3881 impeditiori

754 3899 1068 3971 patronum
1121 3887 1381 3946 adfuisse
1428 3886 1645 3946 Sullae.
1716 3885 1814 3944 hic
1858 3889 1989 3965 quis
2040 3885 2219 3945 fuerit
2262 3889 2570 3946 nescimus,
2644 3885 2750 3945 sed
2803 3907 2940 3945 cum

755 3976 1044 4034 litterator
1095 3994 1131 4032 a
1183 3972 1421 4033 Catullo
1475 3971 1723 4044 dicatur,
1775 3970 2023 4030 fortasse
2074 3979 2230 4030 recte
2281 3970 2547 4029 Muretus
2593 3971 2940 4031 Cornelium

754 4060 1092 4140 Epicadum
1118 4060 1587 4135 grammaticum,
1616 4056 1685 4113 L.
1709 4017 1918 4117 Sullae
1947 4055 2251 4115 dictatoris
2277 4055 2570 4128 libertum,
2610 4056 2940 4133 significari

759 4148 1000 4205 censuit.
1072 4147 1175 4224 qui
1222 4163 1354 4202 cum
1397 4144 1548 4201 mori
1591 4145 2012 4200 convenienter
2053 4159 2270 4199 nomen
2313 4143 2548 4218 patroni
2593 4144 2936 4220 accepisset,

757 4231 888 4291 fieri
923 4234 1116 4310 potuit
1147 4236 1214 4287 ιιι
1258 4231 1437 4288 etiam
1484 4230 1837 4303 cognomine
1881 4230 1992 4285 etsi
2034 4246 2215 4284 manu
2258 4227 2452 4285 missis
2494 4246 2618 4286 non
2664 4245 2945 4286 concesso
